3472 4844
138 364 385 421 oeneolrvvn
393 366 736 421 varenisnccirsllu
745 366 1033 424 nlerNslrtoleE
1041 370 1086 425 lc
1094 372 1328 429 Plurl'rtoree.
1355 378 1417 450 295

99 474 1411 503 ...-.-...-...........................................

96 534 188 612 locis
201 560 270 611 nec
286 534 421 611 eodem
444 556 615 633 tempore
633 561 701 610 nec
717 535 850 612 eodem
873 536 991 614 modo
1014 537 1154 615 facium
1167 567 1179 612 τ.
1205 540 1267 614 sed
1287 562 1414 637 ortunr

96 633 202 709 suurn
227 634 361 709 habere
384 634 529 709 videtur
560 660 580 710 a
609 637 759 733 priuatis
794 635 1028 712 ecclesiarum
1048 636 1321 727 fundatoribus,
1346 640 1411 734 qui

95 734 236 811 clericis
256 736 294 807 in
310 731 484 822 ecclesiis,
511 757 602 830 quas
624 732 863 826 aediiicarant,
887 735 1174 813 ministrantibus
1181 795 1196 834 7
1222 738 1410 813 habita-tio-

93 858 182 911 nem
212 858 296 908 cum
322 830 549 930 praediorum
578 831 697 908 debita
722 836 898 931 portione
929 833 976 909 ad
1000 835 1174 911 alendum·
1197 860 1267 914 eos
1290 834 1411 910 distin-

94 933 191 1010 elam
214 930 488 1031 expendebant,
514 932 554 1007 dc
575 930 650 1006 hoc
666 930 778 1030 padio
799 935 881 1008 iure
901 956 1117 1031 patronatus
1142 933 1409 1030 muniebantur,

95 1054 137 1111 vt
156 1035 325 1119 clericos,
349 1032 620 1129 quosvellenr,
642 1029 886 1109 denominare
909 1032 1036 1131 eisque·
1064 1034 1292 1111 ecclefiarunr
1314 1032 1408 1109 tedi-

94 1153 174 1226 tus,
200 1132 332 1228 quibus
350 1154 409 1206 eas
431 1130 623 1222 dotarunt,
647 1128 840 1232 adfignare
858 1130 1029 1231 pollent„
1066 1133 1161 1209 Haec
1182 1130 1407 1211 consuetudo

94 1254 268 1331 tempore
292 1234 459 1329 Iustiniana·
478 1228 525 1305 ad
548 1254 685 1305 annum
726 1230 1055 1330 ningentefimutrr,
1082 1232 1330 1328 onomate,
1356 1234 1408 1307 in·

94 1332 265 1425 trodusta
289 1330 368 1405 fuit.
420 1326 570 1405 Exstant
584 1330 683 1405 eninr
698 1256 781 1405 duae
795 1331 904 1430 ipsius
923 1333 1036 1431 leges,
1060 1356 1140 1408 earn
1157 1354 1180 1392 0·
1200 1331 1409 1433 approben-

95 1452 150 1511 tes
173 1433 210 1509 dt
241 1429 518 1507 confirmantes.
564 1428 675 1505 Circa
704 1428 873 1505 eamdem
896 1430 1151 1530 tempestatem
1171 1434 1343 1508 alimenta
1361 1452 1409 1506 ert

93 1533 172 1610 aliis
201 1528 397 1622 reditibus,
419 1551 449 1605 e.
496 1553 524 1602 r.
545 1552 594 1605 ex
615 1528 883 1621 oblationibus,
908 1531 948 1603 in·
965 1528 1181 1626 quibusdam
1193 1533 1283 1607 locis
1297 1532 1409 1606 etiam

94 1628 253 1710 eeelebis
273 1552 545 1729 parochialibus
560 1625 753 1703 constituta
774 1626 939 1716 fuerunt,
966 1628 1280 1726 quemadmodum
1302 1628 1409 1727 supra

93 1754 142 1810 ex
166 1752 357 1806 rnnoooar
380 1750 560 1805 rrcroms
582 1726 926 1804 narrationibus'de
951 1724 1107 1805 eeclefiis
1128 1730 1408 1831 constaminopolt·

93 1840 182 1906 tanis
210 1830 485 1906 obseruauitnus
560 1830 738 1903 Attamen
766 1829 921 1903 mutatio
944 1827 1009 1903 ista
1033 1830 1152 1905 multo
1176 1828 1260 1930 post
1280 1831 1318 1902 in
1340 1836 1410 1902 An·

87 1936 160 2033 glia
188 1927 311 2005 nostra
338 1926 531 2029 contigisse
562 1925 824 2025 quibusdam
852 1926 1008 2003 videtur.
1068 1926 1126 2003 Ex
1152 1953 1243 2005 neor
1266 1932 1408 2008 enim‘l

95 2032 293 2127 colligunt,
317 2026 422 2127 quod
446 2025 584 2102 vetusta
612 2024 839 2123 ministrandi
869 2031 989 2117 ratio,
1022 2051 1094 2125 qua
1118 2028 1240 2104 clerici
1264 2050 1408 2104 tantum

17 2216 20 2221 ¹
90 2152 149 2233 pro
170 2147 306 2229 tempore
329 2130 368 2203 in
390 2124 546 2203 ecclesiis
569 2125 843 2225 parochialibus
855 2125 963 2200 sacris
983 2129 1124 2224 operati
1139 2125 1218 2218 sint,
1239 2128 1408 2201 alimenta
1452 2162 1457 2171 ’

92 2228 155 2307 sua
173 2252 220 2307 ex
241 2226 388 2306 ecclelia
406 2223 606 2302 cathedrali
624 2224 865 2322 accipientes,
893 2225 934 2298 in
953 2226 1069 2323 Anglia
1090 2224 1175 2323 plus
1195 2246 1309 2321 quam
1325 2246 1407 2298 cen·

1325 2345 1405 2401 tuni

1268 2448 1415 2467 aaut-⁴¹⁸·

100 2454 1268 2477 ...-..-..------------------

136 2505 170 2579 ο)
189 2502 286 2561 lustin.
296 2503 395 2561 nouel.
410 2504 501 2561 LVll.
524 2501 600 2565 e.11.
643 2487 673 2554 li‘
687 2518 728 2558 rat
813 2501 849 2579 q)
872 2500 939 2560 Bcd.
958 2501 1131 2582 lingentis
1148 2503 1271 2583 Anglor.
1287 2498 1337 2559 lib.
1354 2498 1405 2557 lV·

93 2589 261 2659 brabantiae
278 2588 432 2657 instancia»,
450 2578 527 2648 ἒιιὲι
548 2577 637 2644 baut
651 2603 730 2659 χοςι·
771 2604 795 2645 c.
808 2586 925 2645 XXVll.
953 2589 980 2645 A
996 2586 1178 2665 temporibus
1200 2586 1327 2664 antiquis
1350 2583 1406 2643 ibi-

95 2678 146 2742 νῦν
168 2685 221 2731 τοῖς
242 2674 264 2727 it
284 2670 352 2749 ἐπῇ
370 2671 523 2747 aureamin
541 2668 665 2736 σιτήσεις,
679 2661 734 2732 tal·
770 2668 838 2727 dem
860 2665 892 2727 ἃ
905 2666 1055 2745 episeopus
1072 2690 1140 2729 enm
1152 2673 1245 2741 clero,
1265 2667 1297 2729 dl
1316 2666 1405 2728 abbas

93 2776 166 2818 nom
187 2750 257 2814 τινὲς
284 2749 405 2831 narrantis
428 2754 579 2820 innabant»
601 2776 627 2807 n.
651 2773 679 2812 τ.
701 2763 731 2814 λ.
770 2749 880 2811 solebat
901 2770 1016 2809 manere
1037 2772 1107 2811 curn
1123 2754 1285 2826 monachis,
1302 2754 1352 2829 qui
1366 2766 1406 2811 ra·
1431 2768 1434 2773 ·

96 2843 128 2905 si
154 2840 219 2921 quis
239 2834 379 2913 aedtfirans
397 2827 550 2913 adeſsem,
573 2846 626 2891 aut
641 2831 729 2890 etiem
771 2854 840 2894 men
857 2833 889 2896 δι
904 2831 959 2912 ipli
979 2834 1015 2894 ad
1030 2856 1128 2897 curam
1142 2837 1268 2916 episcopi
1285 2835 1405 2897 familio-

96 2924 181 2987 aliter
204 2920 361 3000 expendens
383 2922 415 2979 in
447 2937 479 2979 ta
502 2915 729 2996 ministrantibus
770 2920 840 2979 riter
860 2920 1049 2997 pertinerent,
1092 2925 1169 3001 Qpia
1191 2924 1332 2981 nimirum
1354 2920 1405 2983 Αἰ-

27 3054 31 3059 -
94 3008 241 3078 alrmentae,
258 3003 381 3066 volturii
393 3002 617 3086 aliquotclert'cos
631 3001 732 3081 statu·
771 3005 855 3077 dan,
882 3005 935 3082 qui
954 3006 1066 3082 primus
1086 3008 1148 3066 eius
1173 3009 1230 3067 loci
1252 3004 1403 3084 episeopus

96 3117 157 3165 ert,
186 3104 293 3152 catera·
770 3088 847 3162 fait,
865 3108 933 3149 eum
951 3091 1102 3152 monachis
1121 3092 1194 3152 illue
1212 3092 1244 3153 ἃ
1264 3089 1323 3168 ipse
1342 3109 1404 3149 rno-

138 3176 252 3241 Nuuel.
266 3176 396 3237 cxxlll.
414 3175 597 3251 eap.XV1ll.
633 3170 673 3231 >li
690 3196 730 3233 nt
770 3175 881 3234 nrehus
900 3174 1075 3247 adueniens,
1097 3177 1299 3237 monachicam
1317 3177 1348 3233 in
1368 3169 1419 3233 eo·

95 3264 209 3341 innitique
230 3254 295 3317 οἷκον
312 3256 521 3331 nmanrvae'nlt,
541 3254 587 3315 ruis
602 3259 733 3325 βελιθείη
772 3254 1020 3319 conversationem
1034 3259 1166 3320 instituit.
1199 3250 1404 3340 Qlolnodo&

95 3352 117 3405 lv
141 3346 214 3421 ἐντῷ
232 3337 353 3424 targitatis
374 3341 591 3421 προβάλλεσθαι,
610 3337 627 3403 l
649 3339 731 3404 nivele
771 3343 850 3420 prius
862 3342 964 3403 beatus
975 3360 1056 3422 pater
1064 3344 1246 3425 Augustinus
1256 3346 1287 3403 in
1300 3342 1405 3403 Cantia

94 3428 111 3498 ἔ
140 3432 163 3490 tl
199 3425 271 3491 caira
300 3424 457 3505 ιληςοιὸμω·
480 3430 501 3483 tl
527 3422 579 3488 ταῖς
606 3425 731 3487 δαπάνας
772 3425 867 3485 fecisse
891 3424 1033 3499 noscitur,
1054 3425 1196 3488 scribente
1219 3431 1245 3487 ei
1272 3445 1404 3486 reueren-

94 3517 172 3577 ivul
193 3529 246 3578 rare
267 3526 394 3591 alternate
410 3512 576 3589 χομγιίσεσι
594 3506 643 3566 κὶα
655 3508 732 3583 siglae
772 3510 885 3569 diffimo
902 3530 975 3588 papa
996 3514 1152 3591 Gregorio,
1174 3513 1254 3591 qnod
1274 3509 1305 3571 &
1322 3510 1406 3587 supin

94 3596 249 3678 hepaticam,
262 3593 507 3670 edelvtpaeolme
525 3596 730 3673 χειςοτονθθιι.
772 3590 931 3672 posuimus.
972 3594 1029 3655 Sed
1058 3598 1125 3673 quia
1153 3614 1201 3658 tlte
1229 3596 1404 3666 fraternitlll,

98 3689 131 3750 Si
141 3705 205 3768 quis
221 3685 335 3744 oratorii
351 3685 467 3743 domum
474 3679 731 3761 fabricaverit&
772 3680 885 3757 inquit,
905 3678 1068 3740 monasterii
1082 3683 1191 3761 tegulis
1203 3682 1314 3741 erudita
1333 3676 1407 3739 seor·

96 3766 218 3837 viluerit
237 3771 271 3830 in
283 3788 317 3829 ea
338 3765 443 3828 clericos
459 3768 653 3827 ordinarunt
667 3762 731 3846 ipse,
772 3762 835 3824 sum
863 3761 922 3823 fieri
939 3784 1001 3823 non
1024 3764 1111 3825 deber
1131 3786 1148 3824 a
1169 3766 1281 3825 clericIs
1298 3761 1355 3825 suis
1373 3763 1407 3829 ill

97 3871 151 3919 aut
171 3858 231 3917 eius
254 3845 383 3915 heredes:
394 3851 428 3927 fi
442 3853 575 3928 expensas
594 3849 657 3926 ipsis
680 3846 728 3909 cle·
773 3845 888 3908 erelefia
909 3849 1090 3927 Anglorutn,
1110 3870 1173 3925 quae
1187 3871 1280 3927 nuper
1292 3849 1408 3908 rudore

97 3942 161 4003 ricis
176 3938 350 4018 ministrant.
366 3945 413 4002 (J
430 3938 523 4019 dignos
538 3936 731 4005 denominant,
773 3938 855 4005 Deo,
875 3932 911 3992 ad
923 3929 1011 3991 iidem
1030 3933 1164 4010 perunna
1184 3932 1238 4006 cst,
1262 3933 1337 3995 harre
1356 3932 1405 3993 de-

98 4027 288 4090 denominatos
303 4023 436 4084 ordinari.
775 4018 825 4077 bet
843 4014 1091 4078 conuersationern
1103 4017 1266 4092 inllintere,
1292 4038 1356 4097 qun
1373 4018 1406 4077 in

139 4113 171 4192 p)
197 4111 333 4186 Calliam
358 4108 422 4183 disc.
437 4107 475 4187 of
493 4116 731 4186 patrationem.
773 4104 861 4162 initio
884 4099 1026 4161 nascentis
1054 4100 1176 4162 ecclesie
1197 4102 1254 4164 fuit
1275 4103 1406 4182 patribus

98 4218 128 4277 p.
140 4210 165 4266 8.
191 4192 342 4273 Salaenos
354 4191 438 4253 lithos
456 4213 482 4260 e,
493 4194 537 4250 lX.
554 4214 581 4270 p.
589 4212 639 4268 255·
653 4193 733 4249 Inter
775 4186 893 4257 nostris,
914 4187 1063 4263 inquibus
1079 4188 1177 4248 nullus
1188 4208 1289 4247 eorum
1302 4210 1339 4248 ex
1350 4189 1405 4260 his,

98 4277 372 4358 opetaLoud.1726.
393 4276 732 4358 f01.(vol.111.part.llr.
774 4290 839 4350 quae
851 4269 1040 4349 poffidebent,
1053 4272 1172 4349 aliquod
1189 4270 1273 4333 suum
1291 4274 1345 4332 elie
1363 4272 1406 4331 di·

99 4387 128 4445 p.
142 4383 213 4440 1²07·
241 4372 329 4443 1208.)
774 4353 944 4419 reboet-sed
961 4370 1041 4421 crant
1056 4358 1097 4420 eis
1110 4357 1209 4419 omnia
1227 4354 1404 4420 commertia.
