3472 4844
344 320 404 419 316
478 306 715 389 'ontotuvat
741 336 1167 387 accersias-ricinum
1200 341 1276 389 ara.
1302 338 1357 387 vr.
1392 338 1474 391 etr.
1499 340 1548 389 η.

346 507 590 588 sacrific-arant
616 511 676 587 vel
703 508 817 588 fidem
852 530 978 611 aperte
1004 532 1203 608 negarant,
1231 506 1292 583 sed
1317 512 1426 584 etiam
1448 508 1683 603 quicumque

350 608 549 712 scripturas
570 610 708 689 faustas
729 610 906 689 velsacra
928 609 1085 687 ecclefiae
1114 610 1221 701 vasa,
1255 610 1315 685 vel
1337 608 1492 685 fratrum
1520 606 1680 681 suorum

351 717 506 791 nomina
531 712 827 814 persecutoribus
860 712 1108 800 tradiderant,
1146 709 1333 809 lapsorum
1359 733 1517 786 numero
1545 702 1684 781 adscri-

351 812 516 903 buntur3
553 816 591 890 dt
612 839 743 892 omnes
765 813 993 903 istiusmodi,
1019 812 1046 888 ss
1072 812 1119 889 de
1143 813 1283 888 clericis
1310 809 1452 903 essent,
1478 814 1516 884 in
1544 826 1682 907 perpe·

351 937 460 993 tuum
477 917 521 993 ab
540 919 716 992 exercitio
738 917 775 992 dr
796 913 978 992 beneficio
1004 914 1147 991 ordinis
1170 939 1211 989 ac
1230 912 1432 989 funsiionis
1451 910 1524 987 suae
1548 904 1682 1011 prohi-

281 1073 289 1086 ·
351 1014 542 1095 bebantur.
607 1018 702 1093 Haec
726 1025 864 1094 veteris
886 1014 1043 1092 ecclcsrae
1063 1012 1249 1113 disciplina
1278 1012 1524 1091 eratistorum
1545 1002 1680 1086 antisti·

352 1139 436 1195 tum
455 1122 607 1211 intuitu,
638 1122 701 1218 qui
725 1117 934 1196 defeslione
960 1116 1021 1193 sua
1045 1140 1217 1216 tempore
1240 1116 1507 1217 persecutionis
1529 1108 1678 1212 populo

353 1218 421 1297 suo
438 1221 575 1297 malum
593 1222 807 1320 exemplum
830 1222 1070 1318 praebuerant.
1121 1220 1216 1294 Non
1237 1217 1443 1294 consultum
1466 1213 1675 1301 videbatur,

353 1321 368 1397 i
398 1320 442 1399 sts
455 1325 638 1423 permitti,
663 1345 704 1398 vt
720 1325 758 1396 in
774 1322 960 1421 posterum
983 1318 1156 1396 antistites
1174 1320 1211 1396 dt
1232 1319 1344 1395 duces
1366 1319 1499 1417 populi
1513 1334 1678 1417 agerent.

353 1346 598 1525 &amquam
612 1427 933 1524 nonnegauetim,
963 1422 1091 1498 obuias
1114 1420 1213 1496 forte
1236 1419 1306 1498 effe
1328 1418 1508 1517 quasdam
1530 1419 1674 1494 vniver-

355 1521 436 1601 satis
455 1526 562 1602 huius
582 1525 720 1627 regulae
744 1529 1009 1624 exceptiones,
1048 1522 1198 1622 qnando
1222 1523 1280 1599 vel
1304 1521 1492 1622 disciplina
1517 1516 1672 1595 ecclesrae

355 1649 435 1703 non
459 1627 553 1704 adeo
575 1626 715 1727 rigida,
742 1629 803 1703 vel
823 1627 906 1704 alias
933 1624 1112 1702 creditum
1137 1624 1223 1717 fuit,
1251 1626 1288 1698 in
1311 1626 1495 1699 maiorem
1518 1616 1672 1698 ecclefiae

354 1730 550 1806 utilitatem
569 1727 765 1819 cessurum,
792 1727 922 1830 stlapst
938 1726 1143 1805 honoribus
1160 1724 1229 1801 suis
1244 1723 1540 1818 restituerentur,
1567 1742 1674 1821 quam

356 1826 446 1906 fide
463 1829 656 1930 gradusuo
671 1828 802 1907 deiesii
819 1833 963 1931 penitus
980 1829 1271 1907 excluderentur.
1324 1830 1443 1925 Supra
1457 1828 1558 1903 enim
1567 1824 1674 1901 adno-

357 1934 453 2022 tani,
481 1929 585 2027 quod
605 1930 711 2030 lapsa,
732 1932 892 2006 haretici
907 1932 944 2007 dr
966 1930 1178 2007 schismatici
1199 1952 1483 2025 nonnumquam
1511 1924 1674 2002 blandius

355 2052 467 2128 atque
486 2035 662 2107 amantius
681 2030 823 2108 traslati
845 2032 1006 2125 suerint,
1037 2031 1100 2108 vbi
1126 2028 1272 2109 ecclefia
1293 2027 1517 2133 fingularem
1537 2031 1578 2108 in
1598 2028 1675 2107 illos

353 2133 515 2232 gratiam
531 2134 723 2234 conserte,
746 2158 822 2212 ere
835 2132 896 2212 sua
908 2133 1074 2213 futurum
1088 2134 1272 2211 iudicauit.

946 2292 977 2395 a.
1027 2292 1075 2368 v.

773 2416 825 2495 Et
848 2414 1011 2495 ebrietas
1033 2436 1147 2521 atque
1167 2417 1258 2496 alia.

473 2597 554 2653 arn
580 2568 850 2676 progredimur
872 2571 918 2649 ad
939 2573 1041 2673 leges
1069 2570 1247 2670 erclefiae,
1281 2596 1364 2673 quae
1386 2570 1433 2651 de
1452 2574 1532 2652 aliis
1554 2572 1677 2677 praeci·

356 2676 466 2780 piunt
480 2675 702 2754 criminibus.
763 2671 1098 2777 Quemadmodum
1112 2675 1187 2749 vita
1202 2676 1325 2750 clerici
1349 2700 1577 2776 perpetuum
1600 2678 1676 2755 alta·

356 2782 410 2857 ris
427 2780 665 2855 ministerium
681 2799 779 2872 erat,
800 2775 929 2877 &ipse
946 2778 1110 2850 animum
1134 2778 1171 2849 in
1199 2776 1278 2878 iugi
1292 2777 1501 2855 diuinarum
1525 2806 1569 2857 ac
1583 2778 1675 2857 carle·

356 2879 466 2957 stium
488 2906 615 2957 rerum
646 2884 822 2957 exercitio
840 2900 1063 2976 occupatum
1085 2875 1220 2953 habere
1241 2878 1397 2955 debebat
1405 2901 1417 2972 ;
1448 2888 1499 2957 ita
1519 2880 1573 2959 ob
1587 2880 1676 2958 hanc

357 2983 371 3057 i
401 2981 473 3056 sam
496 2984 677 3058 rationem
697 2980 837 3056 summa
864 2982 902 3055 in
927 3004 973 3055 eo
998 2978 1251 3075 requirebatur
1273 2980 1475 3075 sobrietas,
1512 2986 1677 3063 iuxtaue

388 3080 631 3181 iligentilsrma
658 3106 743 3157 cura
772 3102 921 3181 tempus
947 3079 1048 3156 suum
1075 3078 1169 3157 bene
1203 3080 1438 3160 distribuendi
1466 3086 1677 3187 utiliterque

356 3181 587 3277 collocandi3
614 3183 815 3279 quomodo
837 3180 1007 3258 videlicet
1030 3183 1236 3260 vocationis
1257 3184 1329 3261 suae
1351 3183 1417 3261 fini
1431 3187 1468 3264 ὅ(
1491 3187 1679 3287 spirituali&

357 3284 427 3363 bus
446 3286 625 3386 negotiis,
650 3284 837 3381 inquibus
858 3281 995 3360 cotidie
1019 3285 1247 3379 versabatur,
1284 3289 1428 3384 optime
1449 3292 1676 3369 conueniret

359 3387 488 3489 Qam
508 3386 558 3464 ob
582 3384 737 3463 caussam
757 3386 970 3463 ebrietatem
991 3386 1028 3463 bt
1046 3387 1180 3478 aleam,
1205 3386 1281 3465 duo
1301 3390 1361 3465 illa
1380 3390 1470 3466 vitia
1493 3392 1677 3495 temporis

357 3492 515 3569 nimium
541 3508 719 3588 quantum
747 3486 969 3589 prodiga&
997 3490 1182 3587 praclaris
1213 3490 1402 3587 quibusuis
1422 3494 1617 3575 conatibus
1638 3516 1678 3575 ac

357 3593 524 3694 ingenuo
542 3591 698 3691 publicae
723 3591 869 3667 vtilitati
888 3587 1109 3667 inseruiendi
1136 3590 1254 3669 studio
1274 3594 1420 3671 inimica
1441 3597 1561 3674 vitare
1580 3598 1679 3675 cleri·

358 3698 411 3787 ci,
438 3692 502 3769 sub
526 3716 635 3792 poena
655 3693 907 3795 abrogationis
937 3689 1067 3789 officii,
1092 3692 1319 3771 iubebantur.
1400 3696 1452 3773 lta
1473 3702 1573 3775 enim
1591 3728 1680 3775 cana

357 3824 415 3871 nos
434 3799 586 3899 apostolici
599 3816 618 3854 ²
646 3793 869 3872 decernunt:
892 3791 1076 3898 Eiscopus‚
1100 3800 1155 3869 vel
1170 3794 1350 3899 presbyter,
1376 3798 1590 3875 arcidiaconus
1603 3806 1679 3879 aleis

360 3895 616 3981 &ebrietatibus
633 3925 768 3991 vacans,
792 3901 844 3973 uri
861 3818 967 4002 casib,
989 3901 1042 3973 vel
1059 3898 1243 4004 deportatur.
1296 3902 1371 3981 Vbi
1389 3899 1484 3978 hanc
1506 3902 1681 3985 dlfferenss

1593 4032 1681 4089 ΠΜ

356 4242 485 4327 publicis
499 4242 737 4321 fueritdetcdlns,
755 4267 817 4309 non
832 4247 929 4313 verbis
942 4270 996 4312 ml·
1039 4244 1055 4315 i
1075 4244 1268 4333 aegsrssti‘tsgor,
1296 4240 1439 4319 ilduinum
1467 4244 1558 4317 κύβοις
1579 4242 1686 4321 agoad-

356 4328 413 4407 dis,
424 4328 463 4391 ab
471 4329 574 4393 ordine
585 4329 655 4389 cleri
673 4352 852 4397 amoucatur.
1038 4334 1103 4413 ζαν,
1123 4340 1171 4398 nal
1187 4340 1300 4425 μέθαις,
1327 4334 1343 4411 ιῖ
1362 4328 1527 4415 ratribus,
1548 4331 1565 4405 ἢ
1583 4336 1685 4427 seburg

397 4414 434 4502 a)
456 4416 530 4490 ctu
547 4412 639 4501 non
660 4418 776 4513 auu,
819 4412 996 4510 ’nunna
1036 4422 1132 4513 aa«,
