3472 4844
228 319 897 394 ostrots.quriraotssrrc.anotrm.rr
906 326 1457 399 rvucr.crrn.rxan0.sracrilrrr.
1481 331 1542 406 345

223 434 1529 467 ---------...-.............,..-.......

225 483 356 571 velint,
378 502 417 555 vt
433 481 498 556 vel·
515 503 657 579 partem
681 482 839 578 aliquam
853 507 1003 574 eorum,
1033 510 1115 581 quae
1132 487 1175 561 ab
1196 489 1271 563 aliis
1288 489 1471 566 elaborata
1486 489 1540 562 fu·

222 582 337 669 erint,
359 579 428 656 suis
447 580 558 677 ipsius
576 582 817 658 concionibus
831 584 1041 675 interrexat,
1067 587 1125 660 vel
1146 590 1311 684 propriis
1334 592 1491 665 inuentis
1514 591 1540 660 i·

220 700 341 758 terum
365 703 497 756 vtarur.
562 680 659 754 Heic
686 680 886 780 susceptam
913 688 1038 780 operis
1061 689 1290 778 prouinciam
1310 687 1441 786 saepius
1468 685 1538 764 esse

220 782 341 858 multo
362 778 628 871 difficiliorem,
654 781 756 877 quod
782 805 887 856 aures
921 781 997 858 suas
1018 784 1151 883 vulgus
1177 785 1432 882 adsuefecerit,
1458 811 1537 863 non

220 902 263 955 vt
287 879 332 956 ad
353 883 563 973 utilitatem,
585 879 650 955 sed
668 880 712 954 ad
731 884 958 979 voluptatem
979 888 1103 981 potius
1126 885 1285 977 audiant,
1299 887 1535 982 quemadmo-

205 979 311 1057 dum
332 979 451 1080 facere
471 976 608 1056 soleant
625 981 673 1071 ii,
694 983 757 1078 qui
777 983 836 1056 vel
851 980 898 1056 de
911 981 1088 1082 tragoedis
1111 985 1170 1057 vel
1185 984 1232 1060 de
1255 987 1463 1062 citharoedis
1483 989 1533 1062 iu·

220 1079 373 1158 dicaturi
388 1079 543 1157 sedeant.
593 1080 690 1155 Heic
712 1105 806 1181 ergo
826 1083 1098 1159 concionatoris
1127 1083 1292 1161 studium.
1306 1111 1347 1160 ac
1372 1088 1536 1163 laborem

222 1184 372 1260 excitari
391 1180 537 1277 debere,
555 1180 696 1280 ipsique
713 1205 760 1256 eo
775 1178 955 1280 opusclse
970 1184 1107 1275 animo,
1131 1185 1194 1279 qui
1216 1188 1330 1287 longe
1357 1192 1533 1288 exiguita-

223 1298 298 1360 tem
325 1283 417 1356 hanc
438 1280 603 1380 superer,
631 1301 672 1355 vt
693 1280 933 1358 multitudinis
946 1284 1176 1378 voluptatem
1198 1287 1294 1360 illam
1314 1287 1534 1363 immodera-

224 1405 300 1462 tam
328 1380 665 1478 infrudbuosamque
695 1379 929 1478 compescat,
962 1381 1145 1481 pollirque
1173 1386 1323 1460 illorum
1346 1386 1535 1471 auditione
1648 1430 1650 1441 ι

222 1485 270 1560 ad
289 1482 346 1576 id,
367 1479 470 1582 quod
486 1480 605 1557 vrilius
623 1481 786 1582 futurum
800 1479 853 1572 sit,
869 1480 1077 1566 transferre,
1096 1483 1165 1558 hac
1185 1488 1337 1583 rarione,
1358 1506 1397 1561 vt
1413 1510 1533 1586 popu·

222 1585 302 1661 lum
321 1584 356 1659 se
380 1583 592 1679 sequentem
608 1605 649 1654 ac
665 1578 729 1655 sibi
751 1580 1056 1657 obsecundantem
1081 1582 1233 1674 babeat,
1259 1611 1335 1663 non
1351 1607 1471 1661 autern
1492 1605 1534 1663 vt

178 1681 185 1693 ’
222 1685 339 1787 ipsel
362 1680 493 1784 populi
510 1679 694 1772 desideriis
715 1703 854 1780 agutur.
917 1681 964 1756 Er
987 1701 1125 1778 quanto
1148 1686 1288 1762 maiore
1313 1683 1473 1761 discendi
1495 1687 1534 1763 vi

253 1782 401 1861 meditus
415 1781 477 1874 fit,
497 1803 600 1858 tanto
616 1783 863 1881 pertinaciore
880 1778 999 1856 studio
1014 1801 1034 1864 g
1060 1805 1168 1879 atque
1182 1788 1440 1861 exercitatione
1456 1789 1534 1863 vim

221 1811 436 1963 iiuiusmodi
461 1882 631 1959 excolere
651 1907 735 1958 eum
757 1901 953 1981 oportere,
978 1904 1020 1958 vr
1035 1883 1172 1983 vbique
1192 1884 1287 1962 disia
1302 1886 1393 1961 illius
1409 1888 1535 1964 omnia
1570 1944 1587 1961 ..
1630 1910 1633 1915 ·

224 1984 498 2062 existimationis
529 1982 638 2082 ipfius
667 1982 912 2082 magnitudini
941 1983 1219 2083 respondeant,
1252 2013 1299 2063 ne
1324 1985 1534 2079 scommatis

225 2109 269 2161 rc
292 2083 606 2168 criminationibus
632 2085 766 2182 populi
786 2082 918 2182 ipsese
941 2105 1113 2182 exponat.
1167 2085 1337 2162 Hisce&
1359 2084 1535 2163 similibus

204 2185 453 2286 ¹argumentis
490 2181 632 2257 sandius
665 2182 724 2255 ille
756 2200 862 2280 pater
895 2183 1039 2272 vritur,
1077 2181 1315 2278 ostensurus,
1354 2206 1534 2280 quantum

226 2309 384 2382 eorum,
411 2283 476 2380 qui
492 2280 593 2359 sacro
617 2277 782 2379 quodam
807 2277 1012 2380 funguntur
1038 2304 1210 2375 munere,
1235 2281 1391 2372 intersit,
1413 2281 1537 2360 studiis

226 2411 269 2464 ac
288 2382 473 2461 laboribus
499 2381 711 2481 semetipsos
730 2377 895 2470 tradere,
920 2402 962 2456 vt
981 2379 1050 2455 hac
1070 2386 1213 2459 ratione
1235 2381 1283 2458 ad
1304 2380 1535 2459 satisfacien-

217 2486 318 2563 -dum
341 2482 489 2562 diuersis
509 2478 707 2570 funsiionis
731 2480 802 2556 suae
833 2477 981 2570 officiis,
1010 2481 1144 2580 quibus
1170 2481 1208 2561 se
1233 2481 1434 2561 subducere
1457 2507 1563 2562 non*

227 2587 394 2693 poliunt,
426 2605 529 2662 tanto
553 2584 673 2685 magis
695 2579 939 2781 idonei§lianlt¹.
1356 2613 1358 2618 ·

306 2788 421 2868 Nulla
449 2781 662 2885 excusatio,
694 2807 885 2891 tamquam
906 2779 1002 2884 iusta
1024 2788 1214 2893 apologia,
1242 2790 1283 2864 in
1314 2809 1463 2867 contra.

741 2901 841 2972 rium
867 2893 1032 2996 adnziſja.

353 3019 584 3084 uouuvrros
608 3001 763 3100 quidem·
785 3001 898 3104 ipsius
924 3007 1020 3077 Pauli
1045 2999 1204 3101 apostoli
1226 3003 1473 3085 testimonium
1501 3007 1553 3100 in

192 3110 450 3217 ··'ignorantiae
470 3106 541 3183 sure
564 3103 813 3206 defensionem
838 3102 1010 3204 adlegare
1033 3098 1172 3201 sibique
1191 3104 1275 3204 ipsis
1301 3110 1338 3182 in
1357 3107 1539 3184 dosirinae

231 3213 358 3309 inopia
373 3213 529 3307 placere,
545 3206 633 3307 dicit
646 3227 950 3301 cnnrsosrouvs,
973 3202 1076 3302 quod
1086 3228 1155 3280 nec
1163 3205 1348 3304 apostolus
1365 3207 1541 3284 inscitiam

232 3311 332 3389 suam
354 3309 565 3400 dillimuler,
588 3305 649 3382 sed
670 3306 838 3382 sermone
853 3304 982 3380 rudem
999 3303 1034 3381 se
1055 3303 1143 3399 esse,
1171 3327 1298 3405 aperte
1314 3306 1539 3407 profiteatur.
1661 3383 1667 3389 ,

236 3411 310 3488 Sed
332 3413 388 3486 bis
405 3408 547 3485 sandius
566 3427 670 3507 pater
691 3406 862 3505 apprime
882 3403 1075 3480 resilistme
1094 3403 1312 3505 respondet,
1337 3432 1414 3484 non
1439 3404 1543 3507 polle

234 3537 300 3590 eos
314 3510 524 3613 apostolicae
539 3511 672 3586 mentis
683 3505 913 3582 altitudinem
929 3505 1055 3581 exuste
1070 3508 1194 3581 rimari
1209 3531 1330 3679 neque
1342 3508 1544 3583 verborum

214 3611 376 3711 ,sensum
397 3632 540 3710 capere,
554 3608 722 3706 adeoque
739 3607 984 3683 testimonium
999 3602 1086 3682 illud
1103 3604 1147 3679 ad
1168 3631 1259 3680 cxcu
1275 3605 1405 3682 andam
1423 3607 1546 3681 soco'r·

235 3714 336 3790 (itam
357 3736 466 3809 atque
489 3707 746 3786 oscitantiamh
776 3711 814 3783 in
837 3705 1038 3784 necessariis
1067 3730 1112 3782 co
1142 3708 1312 3803 nitionis,
1336 3731 1448 3804 quarn
1473 3710 1548 3782 vita
1616 3787 1619 3793 ,

237 3814 411 3892 clericalis
437 3814 617 3910 requirat,
648 3810 810 3910 partibus
836 3808 967 3887 frustra
994 3808 1038 3883 ab
1062 3809 1099 3907 ip
1116 3830 1146 3882 is
1167 3809 1303 3906 vrgeri.
1356 3808 1393 3881 Si
1410 3807 1548 3882 summa

236 3918 449 4018 peregrinae
464 3937 505 3990 ac
519 3909 686 4013 profanae
708 3911 928 4010 eloquentia
939 3910 1000 3987 ¹vis
1020 3933 1041 3985 a
1055 3908 1193 3985 clericis
1208 3904 1330 4007 rigide
1347 3909 1551 4007 requirere·

187 4032 195 4047 '
1473 4028 1553 4114 tur3

265 4220 297 4304 g)
313 4217 459 4300 Chrysost.
467 4217 503 4280 dc
511 4214 647 4280 sacerdot.
659 4216 713 4288 lib,
721 4216 758 4279 V.
769 4219 838 4287 (Ν.
846 4233 898 4280 tot.
984 4215 1019 4287 lt)
1028 4212 1103 4275 Ibid.
1111 4213 1162 4276 lib.
1171 4213 1223 4276 lV.
1235 4232 1261 4276 c.
1270 4213 1323 4278 vl.
1335 4211 1368 4277 &
1376 4212 1503 4278 Vlitot.

335 4301 473 4406 Binglu
489 4300 630 4387 velli.
973 4299 1054 4376 Xx
1325 4295 1332 4300 ’
