3472 4844
308 376 606 437 OBSERVATIONE!
630 380 809 459 Qtltnart
833 384 885 441 AD
914 386 1108 447 HACTENVS
1131 388 1257 449 olera.
1355 394 1431 477 427

107 538 233 613 lorum
255 535 449 613 interuallo
467 532 692 625 disiuniias,
721 534 891 637 obligate
913 536 1091 639 polluut;
1121 544 1427 647 quandoquidem

18 718 26 723 ,
105 662 340 737 vuuquoeque
362 634 510 714 ecclesia
529 638 631 739 leges
644 635 692 714 de
708 638 818 713 rebus
832 640 1016 719 mutabilia
1032 664 1174 721 traturae
1197 644 1348 750 sibiipsi
1373 648 1427 727 fe·

103 738 211 815 rendi
241 736 460 839 potestatem
480 738 613 835 babet,
643 738 750 817 nullis
770 740 863 817 aliua
885 740 1075 819 cuiusdam
1101 746 1259 825 ecclesroe
1279 748 1425 853 legibus

101 838 280 918 adstriila.
330 840 469 938 Neque
489 839 759 939 consequenter
793 838 867 916 vlla
898 838 1104 922 illiusmodi
1120 848 1281 927 ecclestae
1303 874 1422 931 orem·

99 941 165 1020 bra
191 942 339 1019 istarum
363 941 576 1042 tegularum
605 938 861 1018 obseruatione
893 962 1091 1043 tenentur,
1124 948 1191 1025 nist
1231 973 1420 1031 renouata

101 1042 140 1121 dt
163 1046 292 1121 valore
320 1040 502 1119 instrubiae
523 1040 662 1120 fuerint
682 1040 728 1117 ab
750 1066 793 1118 ea
815 1042 984 1139 ecclesia,
1007 1048 1111 1125 cuius
1134 1051 1302 1129 membra
1327 1050 1421 1135 sunt.

101 1144 150 1223 Et
172 1146 246 1223 hoc
264 1141 424 1221 ecclesrae
446 1142 636 1221 catholiooe
657 1140 774 1219 lensui
794 1168 836 1219 ac
858 1148 967 1245 praxi
990 1152 1191 1243 conuenit3
1214 1152 1321 1253 quod
1338 1154 1422 1233 heic
1519 1239 1522 1247 ,

100 1245 287 1325 obseruari
307 1242 449 1323 necelle
463 1242 533 1335 est,
560 1270 609 1321 ne
628 1246 709 1341 quis
724 1243 771 1320 de
784 1244 893 1321 huius
914 1244 1051 1325 nostrat
1065 1246 1324 1333 dissertationis
1342 1252 1421 1335 sco·

97 1372 154 1527 Eo
177 1370 377 1449 perperam
395 1344 551 1442 iudicet,
571 1369 614 1423 ac
634 1344 723 1423 sreo
736 1342 950 1445 speiiet,vt,
964 1374 1239 1452 quamcumque
1252 1357 1421 1457 regulam

126 1453 181 1529 cic
202 1449 505 1540 memorauimtu,
522 1472 565 1525 ea
578 1444 771 1525 necelsaria
791 1446 853 1523 fiat
868 1448 907 1525 dt
929 1453 1007 1526 vim
1021 1450 1102 1528 obli
1133 1454 1217 1531 andi
1243 1460 1420 1559 accipiam

98 1552 160 1629 vel
186 1573 228 1627 vt
251 1546 467 1651 ptaesentem
488 1546 675 1637 ecclesiam
704 1546 980 1649 reprehendat,
1009 1476 1215 1649 quodnam
1236 1558 1276 1633 in
1299 1560 1420 1635 omni·

99 1652 169 1731 bus
187 1652 298 1729 rebus
314 1650 435 1727 modb
452 1648 604 1727 vetustae
628 1640 737 1750 praxi
753 1652 997 1729 conueniente
1011 1675 1120 1754 agat:
1152 1654 1194 1733 ld
1207 1658 1314 1758 quod
1337 1656 1422 1739 fieri

96 1757 251 1851 nequit,
285 1750 352 1828 nist
375 1774 512 1829 omnes
538 1748 637 1831 casua
661 1752 703 1829 ἃ
722 1748 1008 1832 circumstantias
1024 1756 1067 1831 in
1086 1758 1263 1839 omnibus
1279 1758 1421 1845 ficulla
1511 1812 1515 1817 -

99 1854 249 1935 easdem
273 1851 484 1933 efficiamus.
693 1953 718 2058 ς
777 1954 815 2033 u
1490 1884 1495 1893 ·

93 2070 340 2161 Obseruatio
356 2066 554 2157 secunda:
587 2074 764 2179 Qaedom
777 2074 1076 2181 veterisecclefiae
1088 2082 1225 2185 regula
1239 2074 1415 2181 prostan-

165 2176 336 2297 tiffunurit
352 2182 454 2289 osum
473 2182 793 2289 babituraeeffent,
817 2184 860 2290 fi
867 2184 965 2289 iusta
979 2184 1026 2263 il*
1038 2190 1213 2295 legitimo
1224 2190 1347 2267 auuo-
1414 2196 1417 2201 '

538 2301 665 2375 ritate
687 2290 969 2396 reuiuiscerent.
1415 2314 1419 2319 '

193 2432 339 2488 uarum
352 2428 488 2502 autem,
505 2406 582 2484 hoc
594 2428 676 2481 non
689 2400 880 2499 obstante,
902 2402 977 2482 line
989 2404 1194 2511 cuiuspiam
1207 2402 1416 2493 offenlioua

62 2574 67 2581 .
91 2512 298 2593 libertatem
320 2502 542 2629 obseruandi
565 2504 658 2583 mihi
683 2530 748 2583 me
766 2502 874 2607 polle
892 2504 1057 2627 lumere,
1080 2506 1277 2605 exiliimo,
1300 2505 1420 2691 aquoii

88 2604 1414 2811 billi‚iili‘iililibiibllbbislbla¹33:

89 2814 317 2897 viuiscerent.
369 2808 494 2915 Qid,
515 2806 659 2910 quaeso,
679 2806 708 2885 sr
733 2806 857 2911 legem
877 2810 1098 2889 haberemus
1104 2866 1124 2906 ,-
1143 2814 1337 2913 lustinimeae
1354 2814 1411 2897 illi

87 2922 128 2999 in
144 2920 229 3021 lege
251 2914 349 3033 ciuili
363 2910 667 3030 consentaneam,
691 2933 766 3011 qua
787 2910 945 3007 quilibet
957 2934 1149 3013 patronus,
1168 2914 1230 3035 uel
1243 2920 1411 3017 quicum·

84 3016 561 3203 trituratur,
575 3008 1412 3231 luttizilblttturrurtit

86 3248 195 3315 nem,
216 3244 289 3298 nec
314 3212 627 3319 pumilionem,
655 3237 717 3292 aut
742 3236 965 3333 amictuum,
996 3236 1057 3295 aut
1079 3218 1187 3295 aliam
1208 3220 1411 3319 quamlibet

84 3320 264 3405 caulium.
284 3318 347 3398 sed
368 3318 521 3397 scientes
535 3342 623 3395 eum
635 3316 747 3394 reiioe
763 3316 801 3395 δι
814 3316 1004 3395 catholrcae
1015 3316 1103 3395 fidei
1124 3320 1163 3399 ὃ(
1181 3316 1345 3397 honesta
1357 3320 1409 3402 el:

86 3428 124 3507 se
143 3426 230 3505 vitae
254 3422 295 3501 dr
309 3422 449 3501 litteras
463 3416 578 3515 nolle,
590 3414 916 3519 eumelegilient?
940 3422 1083 3499 Nonne
1098 3418 1199 3499 foret
1211 3420 1287 3501 hoc
1299 3446 1409 3527 egre·

115 3530 192 3607 ium
206 3520 359 3627 aliquod
374 3520 609 3625 ptaelentium
627 3520 755 3625 legum
773 3538 905 3597 eontra
920 3520 1112 3623 pastiones
1127 3528 1327 3599 Simom‘acas
1345 3522 1407 3603 ad·

83 3552 355 3711 dirimentum?
387 3624 515 3731 Qid,
540 3622 569 3701 fi
596 3628 837 3723 antiquorum
861 3620 1083 3725 chorepisco
1112 3650 1223 3705 orum
1245 3624 1347 3705 ordo
1366 3628 1412 3717 iu,

83 3728 327 3837 amplioribus
359 3724 577 3807 dioeceltbus
612 3720 894 3803 restitueretur?
934 3726 973 3801 Si
1000 3750 1070 3805 coa
1098 3730 1238 3807 iutores
1263 3725 1406 3830 episco-

114 3836 146 3915 ia
173 3828 386 3910 infirmitate
415 3828 667 3907 laborantibus
694 3828 757 3903 vel
776 3822 963 3905 seneiiute
986 3826 1169 3905 confodis
1193 3826 1409 3909 darentur?

85 3858 231 4013 itam
249 3932 290 4011 bi
308 3934 438 4035 magni
457 3928 541 4008 usus
562 3928 708 4020 forent,
729 3930 785 4003 vti
810 3924 859 4003 ad
880 3928 1013 4007 multaa
1030 3952 1089 4007 rea
1104 3932 1190 4011 alias
1211 3934 1259 4009 ita
1276 3932 1406 4031 praeci·

85 4062 162 4143 pue
182 4036 227 4114 ad
250 4030 496 4115 exercendam
517 4028 766 4149 disciplinam,
798 4028 839 4107 ἃ
862 4026 910 4107 ad
939 4028 1078 4149 facilius
1107 4030 1407 4150 irc-constantim,

82 4126 1062 4319 lissiilbiffiiillilll‘n‘libibli
1074 4130 1404 4315 iiiiii&

84 4338 164 4449 ipse
183 4342 344 4447 poterit,
365 4340 651 4447 quae'heicame
662 4336 891 4525 supple-ilari
904 4334 1050 4421 necclle
1065 4362 1147 4421 uon
1165 4262 1229 4441 eii,
1247 4336 1311 4420 sed
1328 4352 1405 4521 ἐξ
