3472 4844
201 368 280 445 304
340 362 578 419 (inuoluunt
602 360 1049 417 necaestasttcauvtu
1084 364 1163 415 stu.
1192 364 1249 415 vt.
1273 364 1367 417 MP·
1392 364 1417 417 1.

203 554 330 608 menta
350 526 458 601 *facile
480 525 676 627 potuissent
694 526 869 626 infringi,
897 524 959 599 nili
982 524 1163 598 christiani
1182 524 1535 625 dosloresgenera·

208 634 276 707 tim
296 630 471 705 'homines
491 628 537 701 de
558 630 712 701 meliore
733 648 821 701 nota
838 628 879 700 ἃ
895 624 964 701 illis
983 624 1131 725 flagitiis
1146 624 1252 701 liberi
1261 623 1423 722 fuissent,
1436 648 1535 724 quo·

205 755 293 852 rum
313 728 500 804 aduersam
516 750 662 827 partem
683 724 954 899 insrmulabarpp¹

208 934 461 1035 ,Exceptioucs
487 932 661 1036 ‘quedam
691 828 933 1029 sprcitdiorer
965 925 1061 1004 horare
1091 954 1213 1005 rorum
1234 926 1534 1030 existimationi,

417 1070 527 1148 quum
559 1045 772 1137 generatim
802 1038 1002 1137 inbuimur,
1030 1066 1102 1113 riou
1126 1040 1319 1145 (irrogant.

318 1174 437 1227 raven
464 1147 634 1243 quoedam
655 1147 824 1246 exempla
844 1146 1060 1239 hominum,
1082 1148 1147 1241 qui
1170 1147 1231 1222 his
1259 1148 1414 1247 optimis
1437 1166 1533 1225 tem·

205 1252 366 1355 poribus
387 1246 511 1325 officio
536 1248 599 1322 suo
623 1245 817 1323 christiano
842 1246 1032 1348 indignam
1055 1247 1279 1345 plenamque
1301 1248 1459 1347 publice
1474 1248 1533 1326 of·

210 1352 386 1428 sensionis
414 1350 528 1423 vitum
561 1352 727 1449 egeri-nt,
759 1350 939 1438 inueniri,
972 1344 1110 1424 inficias
1130 1350 1188 1423 ite
1211 1374 1291 1423 non
1321 1348 1536 1448 possumus.¹

212 1452 388 1555 Qerclte
410 1451 534 1525 avitis
550 1448 658 1523 bonis
676 1448 799 1539 fasse,
823 1470 865 1523 vt
882 1446 976 1522 aliud
997 1446 1537 1547 nobispersuadeamnnhaud

211 1554 441 1657 permittunt.
491 1572 690 1623 curramus
709 1552 743 1643 k)
780 1550 817 1624 ἃ
842 1571 1011 1623 uvsuutvs
1027 1550 1053 1639 1)
1080 1548 1328 1645 quorumdam
1349 1572 1431 1626 tum
1458 1553 1529 1631 cle·

212 1659 377 1731 cicorum
395 1673 479 1728 tum
505 1648 683 1725 laicorum
705 1650 793 1724 vitia
818 1646 1034 1747 deplorant,
1059 1672 1175 1744 etque
1206 1648 1330 1725 cauffis
1345 1648 1528 1731 arnume

213 1747 315 1847 rant,
338 1776 420 1851 qua:
440 1750 603 1825 diuinam
617 1747 894 1847 prouidentiam
910 1747 961 1823 nd
975 1747 1251 1825 immittendum
1274 1749 1433 1827 ecclestae
1461 1752 1529 1829 du··

213 1878 252 1931 as
271 1852 407 1947 easque
434 1847 623 1923 dirillimas
644 1848 908 1946 probationes,
935 1848 1241 1947 persequutiones
1258 1850 1436 1929 videlicet
1463 1860 1528 1927 De·

213 1964 337 2027 timiam
352 1951 398 2027 ἃ
422 1952 674 2039 Diocletianum,
701 1952 993 2039 commouerint,
1014 1972 1060 2024 nt
1081 1948 1149 2023 hac
1176 1952 1318 2026 ratione
1344 1952 1480 2031 lolium
1504 1978 1527 2035 ι

213 2057 339 2131 tritico
366 2072 636 2148 expurgaretur
659 2048 697 2124 dt
714 2048 799 2122 lraec
823 2048 1050 2147 flagitiorum
1072 2075 1119 2125 ac
1137 2048 1313 2127 fraudum
1334 2056 1526 2152 atrocitas,

213 2156 274 2230 cui
294 2150 477 2229 ordinaria
492 2148 688 2249 disciplinae
709 2149 950 2225 ecclesialiioae
966 2148 1144 2246 remedia,
1169 2176 1251 2247 qua:
1275 2175 1351 2228 erat
1367 2152 1527 2235 istorum

211 2274 424 2355 temporum
446 2250 604 2344 iniuria,
631 2250 778 2327 mederi
801 2274 888 2326 non
914 2269 1116 2353 poterant,
1145 2251 1420 2331 emendaretur.
1473 2256 1526 2333 Si-

530 2390 536 2399 ·
1414 2358 1527 2439 miles

207 2500 1527 2547 ---·-,----·--·---------.

245 2582 290 2662 lc)
310 2576 592 2665 Cyprian.-delapfis
608 2602 637 2661 p.
650 2603 707 2659 1²4·
728 2581 770 2662 (p.
784 2587 843 2658 169.
878 2586 1058 2664 ..decipienda
1088 2588 1174 2650 corda
1204 2588 1388 2671 fimp'licium
1408 2598 1525 2665 callide

206 2690 270 2745 170.
287 2668 458 2746 editcitut.)
477 2668 625 2729 Dominus
636 2667 751 2747 probari
763 2667 844 2729 fatiu-
886 2670 1008 2744 staudcs,
1026 2673 1291 2739 circumueniendis
1302 2677 1524 2745 :fnanibussub-

210 2756 281 2817 liam
291 2750 375 2814 suam
387 2752 496 2823 voluit,
518 2750 633 2830 &quia
645 2753 778 2815 traditam
792 2775 844 2815 no·
878 2758 960 2817 -dolae
978 2757 1150 2819 voluntates.
1196 2769 1318 2843 ltrrtgere
1333 2784 1400 2826 cum
1419 2766 1544 2831 infide-¹

210 2838 257 2901 bis
271 2838 414 2899 diuinitus
424 2834 606 2915 disciplinam
615 2859 671 2917 pax
681 2839 843 2921 longaeor-
879 2841 964 2903 libus
996 2842 1149 2903 vinculum
1177 2848 1384 2923 «intermedii,
1417 2853 1521 2931 prosti-

209 2939 334 3001 ruperat,
343 2919 583 2982 iacentemlidem
595 2922 841 3001 &praedixerim
884 2941 965 2987 tuere
983 2928 1145 3009 gentilibus
1163 2932 1295 2995 membra
1318 2934 1436 3011 Cluilii,
1457 2958 1521 3003 non

210 3006 423 3077 dormientem,
454 3004 570 3067 censura
586 3007 704 3068 caelestis
725 3010 841 3069 erexit:
883 3013 977 3071 iurare
991 3026 1105 3074 tantum
1122 3030 1239 3090 temere,
1255 3016 1307 3079 sed
1323 3020 1520 3087 adhueeriant

209 3110 336 3169 cumque
354 3108 414 3150 nos
433 3089 564 3169 peccatis
589 3090 692 3152 nostru
715 3093 841 3171 amplius
883 3097 1031 3174 peierare:
1054 3098 1227 3179 prepositos
1257 3098 1383 3183 stuperbo
1397 3122 1519 3172 mmoce

207 3176 269 3256 pati
281 3194 470 3247 mereremur,
488 3174 725 3239 clementissimus
737 3178 841 3238 Domi·
883 3196 1088 3255 contemnere,
1114 3204 1264 3247 uenenato
1282 3186 1341 3253 ‘fibi
1353 3212 1412 3253 -ore
1425 3194 1519 3257 :male-

208 3280 265 3321 nus
288 3256 325 3319 stc
343 3259 446 3321 cunila
459 3259 631 3321 moderatus
646 3260 699 3333 est,
732 3278 763 3322 vt
783 3261 841 3323 hoc
883 3266 991 3339 dicere,
1014 3268 1090 3329 odiis
1104 3269 1301 3348 pertinacibus
1319 3276 1449 3339 inuicem
1463 3278 1519 3343 dis

208 3364 307 3418 omne,
318 3344 398 3425 quod
412 3343 525 3427 gestum
535 3344 590 3417 est,
607 3345 776 3424 exploratio
789 3366 840 3426 po·
882 3347 988 3411 lidere:
1009 3352 1137 3433 episcopi
1158 3357 1295 3435 plurimi,
1317 3362 1521 3439 qnosurhor·

208 3432 266 3491 tius
287 3450 375 3509 quam
390 3426 575 3508 persequutio
590 3432 745 3493 rideretur.
768 3433 840 3493 ‘Stu·
883 3452 1013 3497 tamcnto
1031 3438 1085 3498 elic
1099 3456 1218 3519 ‚oportet
1237 3446 1348 3507 ceteris
1369 3446 1402 3509 ἃ
1419 3470 1545 3513 exeam·

207 3515 317 3578 debant
328 3513 465 3597 augendo
474 3516 653 3593 patrimonio
663 3514 785 3599 finguli3
807 3516 841 3577 dt
875 3523 954 3601 plo,
993 3520 1093 3585 diuina
1126 3529 1331 3603 procuratione
1357 3549 1518 3615 contemta,

209 3598 297 3661 obliti
310 3598 554 3679 quidere‘dcntes,
570 3618 621 3662 aut
634 3599 686 3662 sub
702 3600 839 3681 apostolis
882 3625 1081 3686 procuratores
1099 3630 1203 3672 renim
1231 3611 1409 3679 secularium
1436 3618 1518 3699 ficri,

208 3702 276 3747 ante
296 3684 450 3759 fecissent,
461 3702 512 3746 out
525 3683 637 3767 semper
650 3684 839 3749 facorcdebe·
882 3691 1016 3752 dereliila
1035 3694 1184 3769 cathedra,
1208 3698 1296 3777 plebe
1311 3699 1439 3777 deserta,
1463 3725 1519 3787 peu

206 3788 286 3845 tent,
303 3768 473 3833 insatiabilis
484 3771 650 3851 cupiditatis
663 3772 763 3833 ardore
778 3792 839 3833 nm·
880 3777 987 3837 alienas
1002 3781 1166 3857 prouincias
1180 3783 1361 3861 oberrantes,
1380 3794 1518 3857 ncootia·

203 3854 526 3935 pliandIsfacultatibus
542 3856 729 3918 incubabant.
762 3858 835 3918 Non
877 3862 967 3923 tiottis
997 3862 1161 3939 questuosa·
1189 3870 1337 3933 nundinas
1364 3842 1517 3958 aucdpari.

201 3942 234 4001 in
249 3939 444 4014 sacerdotibus
459 3942 564 4024 religio
588 3943 708 4016 deuota,
727 3943 834 4003 nonin
876 3943 1076 4011 Esurientibus
1093 3951 1124 4011 iu
1147 3950 1262 4017 eccleba
1287 3955 1423 4021 fratribus
1449 3982 1518 4029 non

201 4023 340 4086 ministris
351 4022 422 4087 fides
432 4029 557 4108 integra,
576 4048 638 4088 non
651 4029 683 4088 in
695 4028 834 4107 operibus
874 4028 1050 4113 subuenire,
1077 4034 1184 4097 babere
1212 4056 1367 4103 amentum
1392 4044 1517 4113 inciter

202 4103 656 4180 miscricordia,noninmotibus
672 4111 831 4193 disciplina.
877 4117 968 4197 vcllc,
1002 4114 1111 4183 fundos
1130 4092 1270 4187 insidiosa
1295 4104 1457 4193 stnudibui'
1470 4154 1514 4199 ra·

199 4196 347 4270 Conupta
361 4191 450 4253 barba
465 4194 497 4253 in
511 4196 588 4267 viris,
600 4195 763 4261 inseminis
776 4198 833 4260 fot·
875 4222 965 4283 pete,
993 4201 1083 4267 usuris
1111 4208 1379 4289 multiplicantibus
1403 4212 1514 4287 foenus

198 4294 247 4341 ma
261 4274 365 4345 fucrrn
407 4276 571 4339 Adultctati
586 4278 832 4359 patrocinatus
873 4308 911 4351 au
949 4306 988 4349 re.
1018 4304 1128 4359 caetm.

196 4362 289 4441 acub,
312 4360 410 4447 capilli
437 4360 740 4452 mendaciec'olotati.
781 4366 831 4435 Ad
911 4302 1222 4463 iiuulrbmwm.
1236 4381 1292 4443 ub
1306 4402 1401 4469 μμ).
1415 4406 1473 4457 tot.
