3472 4844
346 328 409 420 ηε
458 334 699 394 orroruvn
723 330 1181 388 rrcrrsrrsrrcrnvu
1207 331 1291 388 ris.
1317 328 1379 387 ru.
1404 330 1497 389 cnr.
1520 328 1586 389 vt.

348 442 1673 477 ...............-.-..------------

351 502 558 585 traditione.
612 504 790 590 Arvero,
815 499 870 572 vti
896 519 1128 571 nurourvs
1154 515 1356 576 rnorvsg
1383 497 1420 571 ὅ(
1447 516 1679 572 rosntnvs

357 626 644 704 ovi-:surinus
667 603 684 659 ¹¹
711 604 748 674 in
771 594 1146 673 animaduersionibus
1163 598 1201 669 in
1226 595 1323 669 hunc
1344 594 1678 697 sudorem‘obser·

356 729 467 795 vant,
490 703 580 778 nibil
597 705 629 778 ei
647 701 858 778 familiarius
873 696 940 789 est,
956 721 1067 791 quam
1083 696 1206 796 legem
1220 693 1461 795 apostolicam
1476 698 1682 795 appellare,

358 830 442 904 quoe
456 803 532 902 ipse
550 804 610 879 vel
625 806 661 876 in
684 801 743 875 sua
758 798 868 898 ipsius
884 794 1030 873 ecclesie
1052 794 1193 884 usitata,
1219 796 1280 871 vel
1301 797 1338 870 in
1355 798 1485 893 Damass
1495 797 1533 872 dt
1551 802 1682 889 Siricir',

359 902 629 984 antecessorum
651 901 800 977 suorum
823 896 978 973 decretis
1002 895 1132 971 sancita
1156 897 1306 971 inuenit.
1356 897 1409 969 Vt
1424 894 1536 987 adeo,
1562 921 1682 998 quum

362 1029 495 1084 omnes
509 1027 592 1081 ante
617 1026 733 1078 iton
746 1024 801 1073 unt
824 999 994 1074 sudores
1009 997 1078 1070 hnc
1092 996 1138 1070 de
1156 995 1351 1085 resileant,
1376 996 1469 1072 illius
1486 997 1680 1077 auctorio-

362 1130 399 1184 te
411 1103 517 1180 valde
542 1106 607 1178 niti
625 1101 722 1177 haud
741 1098 926 1196 polsimus.
1003 1095 1176 1188 Accedit,
1203 1097 1307 1192 quod
1327 1121 1374 1172 ne
1392 1094 1503 1173 semel
1525 1098 1680 1197 quidem

362 1205 519 1300 indicet,
549 1205 681 1279 ieiunia
703 1200 764 1275 ista
789 1199 1003 1273 statutorum
1021 1195 1296 1272 &sollemnium
1318 1196 1564 1275 ordinationis
1589 1220 1679 1275 tem·

362 1330 503 1408 porum
528 1307 684 1395 intuitu,
715 1298 777 1376 sed
797 1323 843 1373 ex
863 1299 931 1374 alia
953 1296 1111 1395 quadum
1131 1298 1362 1395 generaliore
1383 1302 1547 1389 ratione,
1576 1296 1681 1377 fuilse

366 1406 511 1482 inditia.
563 1401 748 1497 Adeoque
764 1422 903 1475 certum
928 1395 1095 1488 nonest,
1122 1395 1430 1493 ecclesiamtunc‚
1454 1422 1572 1495 quum
1598 1424 1681 1479 ruo

362 1507 553 1600 scriberet,
578 1529 660 1579 unn.
675 1499 857 1579 CCCCL.
875 1499 945 1574 vlla
961 1496 1032 1571 fixa
1056 1497 1297 1573 ordinationis
1318 1520 1490 1596 tempora
1508 1498 1681 1579 habuille.

363 1608 414 1685 Et
433 1610 469 1681 in
496 1605 633 1681 saeculis
659 1597 871 1702 antegrellrs
895 1624 973 1674 non
998 1596 1169 1689 habuille,
1194 1598 1314 1696 magis
1331 1600 1455 1697 liquet.
1527 1598 1588 1677 De
1607 1604 1682 1703 epi·

364 1709 487 1806 scopis
516 1709 615 1783 enim
642 1726 783 1779 certum
811 1699 880 1787 est,
916 1696 1100 1775 ecclesiam
1129 1697 1354 1774 ordinationi
1380 1723 1513 1777 eorum
1540 1724 1682 1779 certum

364 1829 515 1906 tempus
538 1830 616 1881 non
640 1799 889 1903 praellituiss'e3
930 1796 992 1875 sed
1015 1798 1119 1871 limul
1145 1823 1185 1872 ac
1212 1800 1407 1897 episcopus
1430 1801 1562 1897 aliquis
1585 1827 1694 1881 mor·-

366 1932 452 1985 tuus
467 1903 572 1994 effer,
598 1904 686 1977 alius
707 1901 840 1975 ineius
862 1900 985 1973 locum
1009 1899 1113 1974 omni
1134 1896 1294 1972 adhibita
1319 1897 1551 1976 festinatione
1574 1905 1685 2007 elige·

367 2007 476 2084 batur
490 2028 599 2101 atque
615 2002 869 2091 ordinabatur3
901 1998 938 2073 dt
953 2000 990 2071 in
1007 1996 1224 2095 quibusdam
1247 2001 1335 2075 locis
1350 1998 1510 2077 secundo
1536 2005 1599 2081 vel
1617 2025 1686 2083 ter·

367 2111 423 2187 tio
441 2106 501 2181 die
525 2106 571 2179 ab
597 2106 675 2180 eius
695 2103 796 2177 obitu
818 2099 891 2175 hoc
916 2097 1049 2189 fiebat,
1081 2098 1397 2195 quemadmodum
1424 2105 1497 2177 iem
1518 2127 1628 2183 antee
1647 2106 1685 2166 hb

286 2282 289 2287 .
367 2206 595 2285 ostendimus
662 2203 719 2280 De
733 2200 961 2299 presbyteris
978 2199 1014 2275 dr
1032 2197 1198 2276 diaconis
1219 2201 1371 2297 aliisque
1392 2200 1489 2276 hisce
1503 2204 1686 2285 inferiori·

367 2308 439 2385 bus
470 2306 598 2381 itidem
631 2301 860 2379 manifestum
882 2298 959 2390 est,
990 2297 1094 2397 quod
1120 2302 1159 2373 in
1186 2299 1302 2375 tribus
1330 2302 1520 2398 prioribus
1547 2304 1687 2385 saeculis

369 2411 507 2507 quouis
527 2427 701 2502 tempore
727 2400 886 2477 ordinati
907 2399 1060 2491 suerint,
1092 2400 1208 2497 prout
1228 2425 1286 2475 res
1306 2401 1466 2477 ecclestae
1488 2403 1526 2479 id
1551 2411 1687 2509 exegit.

371 2517 549 2610 Cyprianus
561 2508 728 2576 Aurelium
746 2499 927 2577 letiorem
948 2497 1033 2598 ipsis
1059 2498 1218 2573 colendis
1241 2499 1688 2606 decembribus'ordinauit‚

370 2604 690 2709 quemadmodum
714 2628 771 2678 io.
796 2598 1452 2679 rrirsonrvsil'ecundumcriricas
1462 2603 1689 2708 supputandi

369 2707 518 2811 regulus
531 2705 686 2803 iudicat,
709 2704 747 2780 dr
762 2710 912 2806 optatum
927 2698 1236 2801 hypodiaconum
1253 2700 1378 2779 mense
1390 2708 1515 2806 argalio
1530 2713 1572 2806 ¹⁸3
1595 2736 1690 2811 quo.

1601 2838 1690 2893 rum

413 3023 449 3102 g)
469 3019 539 3099 Pagi
553 3017 641 3077 critic.
655 3018 687 3075 in
697 3018 798 3075 Boron.
812 3036 878 3074 ann.
889 3018 1003 3076 LXVII.
1089 3013 1147 3093 hh)
1170 3014 1281 3081 Libll.
1300 3017 1417 3095 cap.Xl.
1435 3016 1459 3095 d.
1475 3017 1512 3074 ll.
1535 3019 1650 3079 volum.
1663 3019 1689 3081 1.

315 3106 471 3183 9412st
505 3106 703 3174 Perranones,
717 3101 1004 3178 inquithsncllus,
1049 3118 1078 3179 p.
1096 3118 1147 3175 159.

288 3190 297 3201 ”
344 3184 413 3254 'nil
428 3188 507 3250 eliud
520 3190 580 3247 Leo
592 3186 749 3265 intelligit,
778 3204 863 3262 quem
874 3186 1006 3265 regulam
1091 3184 1117 3261 i)
1128 3181 1258 3245 Pearson.
1271 3186 1692 3267 annal.Cypriun.rnn.CCL.'

368 3271 583 3337 eccleliasticnm
602 3268 662 3329 solo
676 3267 726 3329 vlit
740 3269 772 3330 &
789 3268 944 3329 traditione
961 3288 1005 3328 ec·
1047 3268 1140 3329 nxx.
1155 3291 1182 3348 p.
1192 3292 1227 3347 25,
1237 3272 1277 3349 (p.
1288 3293 1329 3332 ro.
1339 3272 1408 3331 edit.
1420 3270 1691 3357 nmstelmncc.)

368 3357 518 3425 elcfiaslict
542 3356 702 3427 firmatam,
734 3352 885 3433 quomodo
903 3351 1008 3433 sepior
1047 3349 1150 3414 Mense
1171 3355 1320 3415 decembri
1342 3357 1477 3432 ineunte,
1514 3360 1690 3439 Cypriane

367 3442 636 3526 usurpareviderur.
665 3475 677 3487 ·
704 3473 756 3487 ¹·
799 3438 949 3500 Familiare
966 3436 1006 3498 est
1047 3439 1250 3523 eumcollegis
1264 3439 1336 3514 suis,
1354 3441 1519 3505 inconsulto
1533 3442 1689 3523 deroldo,

366 3532 473 3603 Leoni,
496 3544 526 3587 ut
545 3546 612 3586 cum
626 3524 662 3585 de
677 3522 832 3604 apostolico
849 3524 1005 3585 traditione
1046 3525 1200 3585 Aurelium
1220 3526 1409 3589 confessorem
1429 3528 1576 3590 ordinauit
1597 3530 1689 3592 lesio·

364 3615 532 3680 sermonem
542 3610 643 3683 habet,
660 3609 696 3670 de
710 3612 894 3689 enloqnatur,
916 3631 1004 3687 quam
1045 3628 1115 3683 rem,
1130 3608 1162 3671 ἀ
1173 3611 1302 3688 quidem,
1312 3630 1343 3673 vt
1356 3613 1471 3693 opinor,
1480 3611 1546 3695 ipsis
1556 3616 1691 3682 calendi·

366 3703 404 3765 ab
418 3698 549 3781 apostolo
565 3700 649 3757 Petro
670 3693 792 3756 eccleliae
809 3699 944 3756 Romane
962 3715 1003 3754 re·
1046 3693 1259 3758 decembribus.
1284 3716 1392 3759 carrera.

365 3789 464 3850 lislam
484 3782 612 3865 putebat.
664 3784 706 3840 Ea
729 3802 797 3840 vero
823 3801 858 3839 cx
878 3780 904 3839 b.
927 3780 1005 3840 Petri
1089 3781 1127 3857 lt)
1145 3778 1275 3842 Pertson.
1288 3782 1361 3846 ibid.
1375 3787 1476 3848 nXV.
1500 3786 1615 3869 Stripfir
1630 3788 1691 3871 epi·

355 3873 522 3933 'tredirione
547 3865 718 3929 descendere
733 3864 922 3937 existimauit,
940 3883 1003 3943 qure
1039 3857 1142 3951 stolam
1161 3864 1217 3925 XX
1222 3866 1285 3926 Vll
1313 3872 1406 3949 meust
1423 3874 1546 3956 Augusto
1563 3877 1692 3939 ineunte

364 3954 483 4016 &olim
497 3952 689 4013 obseruata&
706 3951 828 4012 decretis
841 3950 945 4011 sancita
960 3952 1003 4009 in·
1045 3949 1081 4009 ad
1100 3950 1209 4011 cletum
1232 3956 1403 4017 Romanum.
1456 3958 1574 4039 Stripfit
1595 3946 1691 4025 etiilu

362 4038 500 4098 veniebat
525 4054 626 4094 eorum
655 4034 777 4096 ecclesie
809 4034 863 4097 sure
886 4031 1002 4116 pontifi·
1045 4035 1150 4097 eodem
1171 4053 1303 4116 tempore
1322 4040 1358 4102 ad
1375 4042 1512 4125 Moysem
1537 4044 1568 4106 dt
1589 4048 1692 4111 Maxi·

363 4140 448 4193 eum,
476 4137 604 4199 quorum
623 4136 816 4180 monumenta
835 4119 1000 4199 supererant
1043 4142 1126 4181 mum
1144 4122 1330 4203 reliquosque
1349 4128 1522 4191 conferrere
1536 4132 1644 4195 Rome·
1656 4134 1690 4197 in

361 4204 415 4269 illa
435 4221 516 4267 :etate
1042 4226 1153 4267 earcere
1166 4207 1338 4272 constitutos
1351 4205 1689 4291 cpi'stolam'xxvnun

402 4291 444 4371 h)
464 4287 610 4377 Qefilelb
637 4310 690 4379 tp·
708 4290 834 4375 Prgium
851 4290 909 4365 vid
934 4302 999 4360 n«.
1042 4292 1083 4351 Vt
1096 4292 1255 4353 sutemhar
1275 4294 1375 4387 littere
1390 4298 1587 4375 sollemniter,
1606 4306 1690 4367 iuxta

360 4392 456 4453 ntes·
966 4396 987 4471 j
1039 4392 1155 4447 notem
1168 4374 1307 4463 erede,
1328 4384 1534 4471 mimmius
1557 4387 1689 4481 cypr&
