3472 4844
320 340 393 434 426
470 353 695 406 oatoruvu
722 349 1156 409 accersiasrrcanvm
1191 351 1265 401 ari.
1287 351 1341 401 va.
1376 352 1464 400 cta.
1492 350 1528 404 v.

326 456 846 483 Μ
1417 454 1648 471 m

326 509 456 613 potius
481 507 671 583 euincitur.
739 502 939 580 Lestorem
964 502 1045 577 haec
1073 504 1224 579 moneri
1251 498 1392 579 necesse
1414 502 1512 599 suit,
1543 501 1653 602 quod

329 608 500 687 nonnulli
521 630 563 681 ea
582 602 841 707 imprudenter
854 602 1148 693 confundunt&
1165 625 1383 704 argumenta
1426 628 1471 679 to
1485 605 1547 679 vel
1564 629 1655 681 con·

231 786 234 791 ,
330 731 388 789 tra
408 708 484 785 hoc
504 707 565 783 vel
585 704 674 781 illud
696 706 890 807 adlegant‚
913 730 998 805 quoe
1019 726 1144 783 tamen
1164 702 1384 783 diuersama
1453 704 1573 785 odum
1592 703 1656 783 nd·

332 812 483 889 mittunt
504 806 850 887 considerationem.

589 992 958 1103 LIBRI
1033 992 1405 1103 SEXTI

670 1138 922 1217 cAPVr
964 1139 1319 1248 QvturVM

201 1313 204 1321 .
334 1250 817 1345 ousnavamoraas
866 1230 1164 1365 Q'AEDAM
1206 1252 1288 1336 An
1329 1248 1659 1337 uncrans

397 1362 575 1444 DlCTA.
627 1360 938 1440 CONCLvstO
959 1366 1075 1443 CVM
1104 1362 1499 1443 ADLOCVTIONE
1515 1362 1593 1439 AD

449 1464 993 1545 CLERVMPRAESENTIS
1007 1465 1290 1546 ECCLESlAE
1300 1462 1544 1545 DthCTt„

966 1642 975 1660 .
1025 1584 1053 1659 l.

337 1692 585 1791 obseruatio
593 1701 747 1812 prima:
781 1704 866 1785 Nrm
881 1584 1004 1785 omdes
1020 1706 1120 1814 leges
1136 1700 1182 1781 θ’
1197 1706 1347 1813 regulas
1359 1710 1505 1785 veteris
1516 1702 1663 1810 eccscfiae

481 1846 507 1895 a
518 1813 700 1920 prasenti
721 1816 870 1925 ecclefia
881 1822 1030 1923 eiusque
1047 1820 1197 1897 clericis
1210 1813 1417 1917 obseruari,
1444 1844 1507 1895 ne-

910 1927 997 2034 affe
1024 1926 1084 2032 est.

431 2085 562 2143 vaiano
590 2058 768 2141 haetenus
790 2060 997 2164 precipuas
1017 2084 1185 2141 veterum
1205 2060 1309 2165 leges
1328 2060 1367 2139 oa
1386 2062 1556 2165 regulas,
1576 2086 1664 2164 quae

457 2164 505 2241 ad
524 2163 764 2259 eleilionem‚
785 2166 986 2263 qualitates.
998 2162 1116 2241 officia
1137 2166 1175 2242 dt
1187 2165 1422 2267 generaliora
1440 2168 1569 2242 munia
1589 2166 1663 2267 pri·

455 2269 673 2343 mitiuorum
696 2264 917 2343 clericorum
944 2261 1126 2365 spedant,
1150 2264 1473 2354 considerauimus,
1488 2290 1609 2365 eaque
1626 2292 1666 2345 o·

338 2368 439 2449 mnia
460 2392 539 2445 vno
566 2363 668 2463 quast
692 2366 823 2443 obtutu
848 2364 942 2443 cons
963 2366 1103 2445 icienda
1127 2366 1382 2457 exhibuimus,
1402 2365 1665 2465 specialiorum

339 2468 552 2549 officiorum
580 2462 874 2543 consideratione
899 2492 917 2542 a
970 2468 1097 2544 locum
1125 2470 1302 2565 cuiusque
1317 2470 1529 2644 proprium
1551 2468 1664 2547 reser-

339 2592 444 2649 vata:
468 2568 564 2645 hanc
576 2565 686 2643 huius
701 2564 838 2645 nostrse
850 2566 1108 2645 dissertationis
1129 2590 1294 2667 partem,
1332 2568 1517 2646 ubiunslis
1537 2570 1665 2671 paucis

238 2698 244 2709 ·
368 2668 576 2761 uibusdam,
600 2668 720 2769 iisque
737 2666 940 2745 necessariis
955 2670 992 2747 δι
1013 2666 1059 2743 ad
1074 2671 1205 2771 praxin
1229 2669 1316 2746 cleri
1339 2670 1529 2771 praesentis
1550 2672 1665 2751 ecele-

339 2694 401 2853 dac
421 2768 689 2874 spectantibus,
708 2772 861 2847 monitis
882 2766 1063 2847 finiemus
1115 2776 1241 2870 Atque
1258 2770 1341 2849 heic
1355 2780 1503 2873 ulmum
1517 2793 1601 2851 ante
1621 2798 1662 2851 o·

340 2878 445 2953 mnia
457 2866 727 2948 obseruandum
751 2870 879 2957 suerit,
898 2870 977 2949 nost
1006 2894 1140 2949 omnes
1161 2874 1298 2949 vetetis
1318 2872 1477 2949 ecclesiae
1497 2874 1602 2975 leges
1622 2901 1666 2953 nc

341 2974 490 3073 regulas
506 2970 710 3049 hodiernos
723 2970 881 3050 clericos
896 2972 1083 3073 obligare,
1104 2968 1171 3049 nifi
1196 2994 1376 3073 quatenus
1397 2978 1516 3051 resin
1540 2974 1578 3053 se
1602 3002 1665 3055 ne·

343 3070 508 3151 cessarias
523 3068 830 3171 complestanmu
845 3073 906 3149 vel
926 3076 1024 3149 inter
1040 3074 1187 3174 regulas
1208 3098 1252 3151 ac
1266 3098 1440 3169 canones,
1457 3078 1666 3177 apracsenai

247 3188 251 3195 '
342 3168 492 3255 ecclesia
517 3192 689 3271 receptos
710 3194 753 3247 ac
778 3170 995 3252 austeritate
1009 3162 1206 3273 munitos,
1231 3172 1415 3277 adoptare
1434 3174 1514 3254 sant.
1567 3180 1665 3258 Non

341 3276 452 3355 nullae
473 3274 573 3351 enim
600 3274 703 3375 leges
722 3295 769 3351 ex
793 3272 1067 3375 specialioribus
1088 3274 1319 3370 rationibus,
1346 3272 1515 3355 statulae
1538 3280 1665 3360 condi·

342 3377 438 3457 tioni
462 3372 620 3453 ecclefiae
640 3372 794 3453 illorum
817 3394 1033 3478 temporum
1049 3375 1292 3477 peculiaribus
1313 3400 1356 3455 ac
1374 3380 1564 3483 propriis,
1586 3390 1666 3461 latae

342 3478 503 3557 suerunt.
551 3474 600 3553 Et
624 3472 708 3553 sane
728 3500 807 3553 non
824 3476 1020 3555 absurdum
1044 3499 1187 3555 tantum
1213 3478 1277 3557 sed
1303 3482 1413 3558 etiam
1443 3482 1667 3583 impoffibile

342 3578 467 3673 soret,
491 3579 664 3655 homines
683 3574 731 3653 ad
745 3574 893 3655 istarum
909 3583 1078 3658 omnium
1094 3582 1221 3683 legum
1244 3576 1458 3679 obsequium
1477 3606 1521 3661 ac
1543 3586 1668 3667 obser·

232 3757 236 3765 ,
341 3683 505 3761 vantiam
521 3677 713 3781 redigere,
732 3680 935 3759 rationibus
956 3704 1082 3761 earum
1105 3680 1321 3760 cellentibus
1342 3682 1576 3787 ecclesieque
1601 3691 1669 3769 cir·

341 3782 567 3863 enmslantiis
588 3800 691 3859 tanto
722 3804 785 3859 ere
810 3784 969 3861 mutatis.
1020 3784 1114 3861 Aliae
1134 3785 1237 3886 leges
1261 3782 1309 3861 ab
1329 3784 1489 3863 ecclesiis
1507 3792 1669 3891 particu-

341 3886 478 3963 laribus
492 3908 565 3983 pro
580 3880 618 3961 se
638 3882 677 3983 ip
692 3904 724 3959 1s
745 3881 830 3963 solis
850 3882 956 3963 stilae
976 3880 1144 3977 suerunt,
1171 3910 1256 3987 quae
1270 3887 1354 3965 alias
1371 3888 1538 3967 ecclesias
1558 3914 1669 3969 num·

344 4010 456 4084 quam
481 3984 648 4087 obligare
670 4006 898 4086 potuerunt,
923 3984 990 4063 nist
1011 3984 1058 4065 ab
1077 3986 1165 4089 ipsis
1189 3988 1303 4067 libere
1321 4010 1503 4090 receptoe,
1527 3992 1593 4071 vel
1614 3996 1667 4075 eis

325 4084 560 4163 austoritate
576 4088 760 4187 generalis
780 4086 969 4166 cuiusdam
990 4090 1156 4193 concilii,
1182 4089 1221 4167 in
1243 4114 1321 4189 quo
1342 4088 1507 4191 ipsaemet
1526 4116 1667 4197 reprae·

342 4184 491 4267 l'entatae
520 4184 559 4259 ἃ
589 4186 804 4265 consensum
836 4188 940 4269 situm
972 4192 1080 4271 tacite
1103 4190 1237 4269 testatae
1269 4190 1438 4285 fuerant,
1468 4194 1668 4295 impolite.

342 4288 476 4397 Multo,
489 4285 616 4371 minus
633 4310 734 4371 nunc
753 4291 915 4379 absolute
934 4292 974 4377 ἃ
992 4292 1206 4403 simpliciter
1228 4292 1395 4379 ecelesias
1418 4298 1669 4479 tentolsaecu·

1552 4422 1667 4485 orum
