3472 4844
238 385 385 445 seretis.
405 376 536 463 amm
556 382 731 440 nemon!
747 384 795 439 ET
811 381 921 440 amvs
942 381 1112 441 ctamcos
1124 380 1216 438 ELIG·
1239 370 1464 439 arnasano.
1513 384 1563 442 111

235 550 294 629 sus
321 548 387 627 iste
406 546 509 625 idem
529 566 627 641 erat,
669 547 734 646 qui
757 545 1009 645 quorumdam
1037 551 1245 625 vacantium
1275 548 1559 651 episcoporuma

233 648 443 747 (ἐπισκόπων
459 646 720 747 σχολαζόντων,
744 650 799 723 vti
820 647 990 727 dicuntur
1009 648 1046 724 in
1061 650 1279 747 canonibus)
1305 650 1371 751 qui
1395 642 1558 727 ordinati

235 772 341 829 erant
366 774 441 851 pro
465 748 668 826 istiusmodi
681 749 793 835 locis,
822 749 886 847 qui
910 753 1078 851 recipere
1091 774 1157 829 eos
1170 752 1354 829 nolebant.
1404 750 1558 828 Horum

234 850 365 949 fiquis
392 852 429 926 in
457 870 648 927 vacantem
674 848 749 929 sese
763 850 952 951 ingereret
981 849 1187 941 ecclefiam,
1212 849 1287 930 fine
1301 852 1557 952 metropolita·

210 1040 213 1046 ,
234 956 275 1030 ni
298 954 336 1029 dt
351 949 484 1053 synodi
499 950 736 1051 prouincialis
761 948 957 1042 consensu,
990 951 1209 1030 reficiendus
1232 974 1328 1049 erat,
1353 953 1491 1029 etiamst
1514 976 1555 1029 v·

233 1054 400 1131 niuersus
426 1052 589 1152 populus
614 1076 687 1128 vna
715 1074 840 1129 mente
864 1054 902 1128 in
931 1056 1010 1131 eius
1043 1054 1264 1131 elesiionem
1300 1052 1556 1154 conspirasset,·

234 1153 553 1255 quemadmodum
575 1152 771 1229 concilium
797 1157 1027 1227 Antiochenam
1064 1154 1238 1256 exprefiis
1272 1154 1434 1233 verbist
1467 1178 1555 1231 con·

232 1280 289 1336 tra
303 1254 484 1335 eiusmodi
509 1251 695 1331 inuasotes
717 1252 900 1353 decreuit,
934 1262 972 1330 Si
991 1266 1085 1356 quir,
1111 1258 1299 1355 inquiens,
1322 1256 1476 1360 cpfiopus
1497 1282 1554 1327 va·

231 1386 306 1433 cans
320 1366 357 1431 in
372 1376 537 1429 vacantem
565 1358 713 1451 ecclsiam
742 1364 926 1457 irrumpens
940 1356 1049 1455 ftdcm
1075 1367 1255 1459 arripuerit
1275 1356 1390 1458 absque
1411 1356 1555 1461 perfidia

228 1458 363 1563 statoria,
384 1468 416 1529 ir
441 1456 616 1546 meirisin,
634 1462 833 1531 ETIAMSI
857 1465 1002 1533 OMNIS
1026 1464 1241 1547 POPVLVS‚
1264 1464 1403 1556 QVEM
1427 1466 1554 1534 sNVA·

230 1568 329 1653 SIT,
354 1564 458 1635 EVM
477 1560 714 1631 ELEGERIT.
766 1557 871 1634 idem
885 1560 1201 1635 conciliumafium
1213 1559 1324 1636 habet
1339 1578 1553 1635 canonemu

229 1662 531 1765 praecipientem,
568 1656 782 1761 vtrpiscopus
808 1658 931 1733 adalia
953 1664 1103 1761 parochia
1131 1670 1167 1733 in
1196 1665 1294 1733 aliam
1321 1690 1360 1733 ne
1387 1659 1551 1759 transeat,

200 1767 204 1775 ’
229 1760 328 1863 nerse
335 1763 397 1863 sua
411 1759 520 1863 sponte
533 1768 700 1861 ingerens,
724 1788 779 1833 nec
791 1788 811 1833 a
820 1782 862 1863 po
883 1766 945 1834 ulis
964 1771 1000 1833 ui
1011 1764 1153 1837 bursus.
1206 1761 1327 1865 Qod
1346 1760 1466 1862 ipsum
1476 1784 1552 1835 rna·

228 1866 364 1944 nifefio
384 1861 539 1953 indicat,
578 1864 616 1937 in
632 1860 806 1939 omnibus
832 1864 844 1937 i
877 1862 1035 1941 'usmodi
1053 1863 1189 1941 cafibus
1203 1864 1340 1941 nullam
1360 1861 1552 1955 messionis

229 1965 423 2067 populatis
442 1962 601 2038 habitam
617 1961 722 2040 fuisse
740 1966 945 2060 rationem,
977 1964 1003 2039 fi
1022 1962 1098 2042 fine
1120 1966 1341 2066 prouinciali
1362 1962 1552 2047 cuiusdam

229 2064 366 2171 synodi
382 2062 557 2141 consensu
571 2088 652 2141 eam
671 2088 855 2165 peragere
871 2064 936 2140 fibi
950 2064 1157 2146 sumfifient.

793 2198 829 2298 y.
879 2198 963 2271 xv.

287 2324 470 2439 Qlatto:
501 2322 543 2400 Si
554 2322 792 2423 infaiiiones
805 2317 1208 2425 diuifionesquesctffirs
1225 2320 1311 2425 effer
1321 2324 1493 2425 populus,

333 2474 535 2553 ornato:
560 2448 597 2523 si
611 2444 773 2546 populus
793 2444 831 2519 in
847 2442 1028 2521 eledione
1041 2442 1101 2520 sua
1117 2445 1154 2519 in
1171 2468 1295 2547 partes
1310 2448 1397 2527 esset
1405 2447 1550 2540 diuisus,

226 2584 298 2639 nec
322 2557 369 2632 de
392 2552 571 2651 quopiam
600 2572 734 2625 eorum
766 2544 1038 2623 concordarent
1061 2548 1285 2721 opiniones,
1323 2572 1412 2628 tunc
1441 2553 1549 2628 nouis

228 2651 553 2760 disceptationibus
586 2651 623 2726 ἃ
648 2648 769 2725 noxiis
794 2645 962 2724 fossionis
1000 2645 1076 2721 diui
1091 2650 1262 2747 tonisque
1294 2650 1550 2748 consequutio·

228 2764 335 2843 nibus
357 2750 609 2833 anteuertendi
636 2747 751 2827 caussa
771 2746 886 2825 vfitati
906 2748 1024 2824 moris
1048 2769 1144 2839 erat,
1174 2773 1217 2826 vt
1241 2754 1550 2853 metropolitanus

229 2862 455 2965 &synodus
481 2853 678 2955 personam
699 2851 858 2949 aliquam
878 2848 1057 2945 mediam,
1091 2874 1161 2925 nec
1187 2850 1231 2926 ab
1256 2852 1326 2929 vlla
1357 2875 1463 2954 parte
1483 2878 1550 2931 no·

228 2970 423 3053 minatam,
459 2959 662 3057 eligerent,
690 2975 845 3049 eamque
871 2950 1044 3027 omnibus
1074 2954 1381 3053 competitoribus
1417 2980 1469 3056 po
1499 2955 1551 3031 uli

226 3068 460 3169 praeferrent.
540 3056 588 3131 Et
609 3057 683 3133 hoc
705 3055 926 3155 plerumque
948 3050 1042 3129 felici
1068 3052 1337 3147 cumfitccessu
1357 3054 1439 3132 fieri
1474 3056 1549 3135 ole-

227 3172 300 3247 bat.
352 3161 515 3263 Populus
538 3161 638 3236 enim
660 3178 701 3232 vt
717 3156 920 3257 plurimum
933 3154 994 3230 sua
1007 3152 1118 3255 ipfius
1139 3154 1319 3235 elesiione
1334 3156 1551 3256 pudefaiius

228 3258 830 3373 generatiminhocacquiescebat.
858 3280 1079 3333 smourvs
1106 3257 1551 3337 arotuturnrsillufire

228 3371 442 3469 exemplum
464 3364 570 3437 huius
589 3366 644 3435 rei
670 3362 709 3433 in
737 3368 865 3433 Ioarmis
891 3358 1055 3459 episcopi
1077 3358 1286 3459 cabilionenfis
1315 3359 1551 3438 ordinatione

227 3470 401 3557 exhibet,
424 3466 461 3540 in
482 3460 632 3559 epistola
647 3460 692 3533 ad
704 3461 906 3534 Domnusum
922 3458 1123 3553 quemdam
1142 3462 1303 3539 scribens
1319 3466 1358 3536 in
1372 3460 1552 3537 hancsen·

226 3576 397 3656 tentiam:
423 3567 586 3663 Postquam
601 3558 755 3659 episcopus
771 3563 889 3633 Paulus
905 3568 1014 3629 iunior
1027 3559 1201 3660 difirffirar
1221 3564 1465 3666 densumque,
1494 3590 1551 3633 ex.

228 3695 378 3783 ceperunt
402 3666 576 3774 pontificale
598 3663 753 3759 confilium
775 3667 873 3733 varia
891 3662 1071 3731 voluntates
1089 3662 1333 3761 oppidanorum,
1365 3692 1420 3737 nec
1432 3692 1494 3737 non
1512 3660 1552 3743 ti

1483 3769 1551 3857 rra,

268 3950 297 4029 t)
311 3948 404 4011 Conc.
417 3934 558 4003 Antioch.
581 3954 605 3996 c.
621 3933 698 3991 xvt.
721 3930 810 4009 (tom.
829 3931 867 3990 11.
955 3930 992 4011 u)
1009 3928 1086 3991 lbid.
1103 3950 1126 3991 c.
1139 3930 1210 3991 XXI.
1228 3931 1368 3993 ἐπίσκοποι
1387 3931 1442 3994 iri
1454 3964 1551 4025 nen.

225 4056 300 4103 gone
319 4056 347 4113 p,
355 4029 430 4110 568.)
443 4026 476 4083 Ei
485 4050 521 4085 τις
537 4024 682 4081 stirmis
691 4016 869 4097 χινλέζωνὶπὶ
910 4030 970 4093 „sag
985 4030 1070 4107 ἱπέμς
1084 4032 1117 4091 εἰς
1131 4027 1216 4109 ἔτίςαν
1234 4034 1272 4104 μὴ
1292 4035 1470 4113 prebendas,
1481 4048 1550 4117 prin

228 4119 406 4197 'peligno-ar
438 4110 575 4175 irrina-iar
598 4100 868 4207 {eufimia-rddidi,
910 4116 1389 4195 oiudaetgt'wsist‘pimarminuris,
1414 4130 1549 4200 μήτςὶπὸ

227 4202 379 4288 {Pagrika
398 4206 441 4261 riv
460 4198 543 4280 figitur
558 4196 622 4268 dix-'a
646 4202 734 4249 cratia
747 4192 867 4289 fidfiph
909 4206 979 4262 >teir
997 4200 1202 4279 ἐκβιαζόμενον,
1237 4206 1304 4281 pire
1325 4208 1377 4269 iai
1402 4214 1550 4276 inreritum

224 4294 546 4375 vffrartirridfir':·crriiort,
559 4282 628 4381 igyt'i
642 4278 713 4356 ‘bo‘if
729 4275 745 4347 ὁ
759 4284 867 4367 Μῦς,
908 4286 1129 4369 ἆιῦγκιζῖμυοὴ

226 4396 261 4474 ὃν
276 4388 502 4489 dissignatum,
515 4380 623 4455 ἕλοιτο
637 4375 747 4455 oiurit.
