3472 4844
202 328 263 409 258
363 334 591 388 ourcruvn
614 330 1048 382 recursrusrtcruvn
1070 334 1147 384 rra.
1171 337 1205 387 v.
1231 334 1312 387 car.
1334 338 1401 389 ιιι.

212 438 626 457 ..m
1155 442 1296 451 ··—-=—-·--·-
1338 436 1525 457 ..ι-ιι*

207 487 325 574 acuit,
343 481 546 561 istiusmodi
557 483 731 561 homines
749 501 787 571 ²,
813 479 839 555 fi
857 481 1022 559 ordinati
1044 478 1177 573 essent,
1201 502 1335 559 omnes
1350 478 1549 581 poffessio·

209 611 275 665 nes
296 586 374 662 suas
396 589 434 661 in
455 611 572 661 vnum
594 606 640 661 ex
661 585 887 683 propinquis
915 582 985 658 suis
1017 581 1190 657 conferte
1211 640 1222 677 ,
1261 608 1424 683 eumque
1452 606 1549 660 tam·

211 711 324 784 quam
344 688 520 763 curialem
543 687 724 761 inlocum
751 684 854 759 suum
879 683 1119 775 substituere,
1157 684 1217 759 vel
1243 687 1354 759 curiae
1378 683 1451 785 ipst
1482 708 1549 763 eas

212 787 347 866 cedere
370 788 542 863 iubendo.
620 784 739 885 Qud
765 788 827 874 qui
854 785 973 862 facere
999 784 1270 875 detrectarent,
1303 788 1388 863 illos
1413 788 1456 862 in
1483 813 1551 865 cu·

213 890 307 967 riam
322 894 488 967 reuocari
506 891 544 964 ὃ(
560 886 604 963 ad
625 888 743 962 ciuilia
762 911 916 962 munera
941 886 1111 963 obeunda
1134 909 1323 985 tamquam
1343 886 1461 965 laicos
1479 888 1550 967 ob·

213 991 342 1089 ligati,
368 993 556 1091 prtecepit.
632 986 704 1064 Sed
722 988 816 1061 hauc
832 988 1101 1088 obligationem
1122 1014 1199 1063 nou
1215 989 1308 1064 vltra
1324 990 1476 1089 imperii
1491 990 1548 1069 sui

214 1093 317 1169 initia
332 1092 512 1169 extendit:
538 1114 620 1165 nam
638 1088 868 1185 aliaquadam
878 1092 971 1190 lege,
987 1088 1125 1188 septem
1140 1091 1241 1165 annis
1253 1090 1348 1190 post,
1363 1092 1548 1173 nimirum

216 1194 545 1270 anucccnxtt't
563 1194 654 1285 lata,
677 1216 807 1267 omnes
824 1196 859 1264 in
877 1191 1033 1267 ecclesiae
1056 1189 1302 1277 ministerioa,
1328 1218 1449 1290 quum
1467 1194 1548 1295 ipse

216 1318 345 1369 retum
367 1297 574 1395 potiretur,
607 1294 676 1365 iam
704 1290 945 1382 constitutos,
980 1294 1064 1367 licet
1084 1290 1364 1392 poiieffionibus
1389 1294 1440 1371 ad
1466 1298 1546 1374 sub·

217 1395 337 1473 euntia
360 1396 475 1470 ciuilia
491 1394 608 1469 afficta
631 1393 877 1494 obligantibus
899 1392 1114 1485 instructos,
1138 1396 1284 1474 exemit.
1349 1402 1465 1472 Valens
1478 1422 1546 1481 eos

216 1498 409 1573 uniuersus
430 1498 612 1572 immunes
633 1494 703 1571 eiie
722 1492 832 1592 iuffit,
860 1495 924 1592 qui
944 1493 1198 1571 decenniumb
1223 1498 1261 1572 in
1282 1497 1457 1577 clericatu
1481 1504 1548 1581 im·

214 1598 407 1699 pleuiii't-:nt
428 1619 440 1686 ;
492 1600 539 1673 ita
561 1596 740 1696 quidem,
777 1618 819 1672 vt
842 1595 867 1669 st
896 1598 990 1671 intra
1015 1594 1103 1671 illud
1130 1601 1314 1699 temporis
1337 1599 1544 1701 spatiuma

216 1726 317 1776 cura
342 1728 419 1775 nun
439 1699 549 1775 ‘sient
576 1700 765 1790 reuocati,
799 1694 925 1796 postea
953 1701 990 1771 in
1013 1718 1235 1796 perpetuum
1258 1702 1395 1778 exemti
1421 1730 1543 1785 mane·

216 1824 309 1879 rent.
367 1807 604 1878 Valentinianus
612 1800 772 1897 secundm
798 1797 898 1897 ipios
919 1800 1056 1875 exemit
1073 1820 1088 1857 0
1111 1822 1153 1874 ea
1167 1800 1407 1895 conditione,
1426 1828 1471 1884 vt
1486 1808 1544 1887 aii·

218 1929 332 2001 quem
349 1903 387 1977 in
405 1904 527 1977 locum
544 1902 646 1975 situm
668 1898 929 1976 substituerent.
1011 1900 1191 1999 Theodofizn
1217 1900 1306 1981 istos
1328 1930 1470 1987 omnes
1485 1933 1545 1989 ex·

218 2007 336 2103 cepit,
353 2005 417 2103 qui
434 2025 516 2078 ante
532 2027 668 2078 annum
684 1999 1032 2095 CCCLXXXVHI,
1058 2004 1123 2099 qui
1142 2025 1219 2080 etat
1242 2006 1391 2183 imHerii
1413 2010 1469 2085 sui
1485 2012 1546 2094 de·

217 2107 355 2198 cimus,
379 2103 572 2183 ordinatid
597 2102 752 2183 fuerant.
828 2102 890 2179 Ab
914 2104 958 2181 iis
974 2124 1115 2204 autem,
1150 2107 1214 2204 qni
1231 2131 1284 2209 ΡΟ
1317 2132 1360 2187 ea
1380 2112 1546 2194 “⁰¹⁶5ae

1435 2218 1544 2296 mini·

215 2353 1548 2387 Q

258 2419 290 2498 a)
301 2418 376 2481 Coti.
386 2416 493 2479 Theoti
510 2416 628 2479 iiuxn.
642 2417 715 2477 titi.
725 2421 854 2499 legunt.
896 2438 970 2496 quos
985 2416 1162 2480 dccctrnium
1176 2419 1318 2500 uindicat,
1333 2428 1486 2506 petitione
1502 2426 1544 2493 su·

216 2506 275 2583 Qui
291 2520 385 2583 partes
405 2505 494 2585 clegit
513 2501 650 2575 ccclcfitr,
674 2505 769 2563 autin
789 2525 853 2583 pru·
895 2501 1002 2582 pcrflua
1015 2506 1138 2565 minime
1150 2506 1317 2590 fatigentur.

216 2592 361 2672 pinqutuu
375 2589 452 2651 bona
465 2590 579 2669 propria
594 2587 772 2650 conserendo
786 2609 853 2650 curn
939 2586 970 2665 c)
993 2587 1068 2650 cod.
1086 2590 1203 2653 Theod·
1226 2593 1276 2655 lib·
1299 2597 1363 2661 ΧΠ·
1389 2600 1436 2666 tit.
1448 2605 1473 2665 l·
1505 2603 1543 2667 dt

214 2698 269 2757 pto
283 2674 310 2736 sc
323 2675 407 2736 saciat
420 2676 572 2749 curialem,
603 2692 652 2735 aut
666 2674 852 2736 facultatibus
896 2672 1045 2735 decurion.
1058 2674 1116 2758 leg.
1127 2680 1226 2741 XCIX.
1250 2682 1346 2758 Iuffio,
1360 2706 1418 2765 qua
1432 2688 1485 2750 libi
1498 2692 1544 2753 iu·

214 2762 400 2835 curirrccdut,
411 2782 497 2839 quarn
511 2762 646 2840 reliquit:
661 2781 696 2820 cx
709 2763 853 2822 ncecffita·
896 2759 963 2819 dau
986 2761 1059 2841 legis
1079 2763 1214 2825 homiues
1242 2766 1460 2850 blandiuntur,
1488 2796 1543 2857 per

212 2862 244 2911 tc
251 2848 416 2909 reuocando
423 2866 466 2919 co,
475 2848 524 2925 qui
533 2863 670 2906 neutrum
679 2845 852 2927 fecit,quum
897 2867 984 2924 quarn
1000 2848 1040 2908 cis
1054 2850 1205 2909 curialium
1214 2874 1371 2919 inunctum
1385 2860 1473 2923 riatur
1487 2866 1541 2925 im·

213 2934 399 2995 clericuscii‘c
413 2933 547 3010 ctcpiss'ct,
561 2950 668 2993 caetera.
896 2934 1041 3005 munitas,
1065 2932 1256 2999 rescindatur:
1282 2962 1351 3003 curn
1371 2968 1410 3007 nc
1425 2950 1541 3013 clericis

255 3018 287 3094 a)
307 3017 382 3079 cod.
391 3016 506 3077 Theoti.
530 3018 581 3077 lib.
600 3020 677 3077 XVI.
702 3020 746 3078 tit.
760 3022 794 3078 n.
815 3016 852 3080 de
897 3018 1017 3095 quidem
1031 3019 1155 3081 liberunt
1168 3020 1209 3097 fit,
1224 3028 1304 3103 ptius
1319 3028 1347 3089 sc
1358 3032 1472 3097 diuinis
1484 3037 1540 3098 mi·

211 3102 298 3184 epist,
310 3105 367 3184 leg.
378 3103 450 3161 XXI.
494 3104 565 3182 th
576 3100 701 3162 eccicfite
715 3104 784 3185 iuge
800 3105 851 3165 ob·
895 3104 1019 3165 tristeriis
1030 3108 1208 3186 mancipate,
1227 3131 1314 3190 quam
1326 3120 1428 3183 nutriar
1439 3120 1539 3187 debita

210 3188 344 3268 sequium
364 3187 556 3266 deputarunt,
582 3189 669 3249 curiis
688 3187 852 3251 habeantur
894 3188 1023 3251 uniuersa
1043 3190 1216 3271 pcrsuluant.
1288 3188 1429 3283 Quifiluis
1446 3208 1539 3271 initur

211 3276 374 3347 imntuncs,
387 3274 422 3351 st*
436 3290 533 3333 tumen
551 3286 724 3335 anteactum
737 3277 851 3359 imperii
891 3296 957 3335 ucrc
977 3280 1042 3338 Dco
1055 3279 1167 3341 dicatus
1180 3282 1233 3357 cst,
1254 3284 1343 3347 alium
1362 3262 1539 3373 instruimur

211 3362 297 3441 nofln
316 3360 352 3421 ael
370 3362 483 3421 ruitum
501 3358 614 3443 selegit
628 3360 731 3422 nostra
747 3380 849 3423 contu·
882 3360 1150 3443 facultatiinnsnir
1167 3370 1206 3429 ad
1221 3392 1343 3436 munera
1352 3392 1403 3460 pra
1411 3381 1449 3459 se
1460 3401 1538 3445 rom-

207 3446 453 3513 unt-cantant.
888 3451 1172 3531 pan-nunninae.

252 3534 289 3614 b)
312 3531 386 3595 Cori,
402 3529 775 3593 '1'heod.lib.xV1.tit.11.
790 3535 848 3618 leg.
934 3534 970 3615 d)
994 3536 1065 3597 ibid.
1077 3538 1238 3622 legonti.
1272 3546 1331 3629 Qui
1349 3569 1418 3613 ante
1433 3552 1536 3621 secun.

206 3622 281 3687 xlx,
325 3620 513 3700 Qticumque
531 3638 566 3678 cu
586 3619 739 3681 curialium
760 3639 846 3682 natus
891 3621 1538 3711 dumconsulatummansuetudinismcaecx

206 3728 314 3790 genere
328 3707 364 3767 ad
376 3707 543 3767 clericatum
563 3707 683 3778 uenerit,
701 3704 733 3766 &
745 3708 846 3785 ptaiu·
890 3708 991 3769 ordine
1004 3710 1104 3772 curiali
1129 3717 1174 3775 ccl
1196 3720 1361 3800 presbyteri
1382 3724 1537 3807 fastigium

206 3794 317 3855 dicium
331 3791 479 3875 sauguinis
488 3792 607 3870 eruperit
620 3790 767 3869 postulari,
775 3794 845 3852 certi
887 3794 933 3855 vel
941 3795 1132 3859 ministerium
1141 3801 1257 3864 diaconi
1270 3798 1471 3878 uclexurcistsr
1479 3818 1537 3883 sus·

203 3882 345 3957 temporis
366 3876 537 3938 definitione
559 3876 746 3938 defendatur:
781 3878 851 3954 utst
888 3883 964 3960 ccpit
984 3880 1130 3958 officiunt,
1145 3896 1535 3973 muneciuspatrituonium

203 3966 237 4027 in
253 3966 381 4041 confinio
396 3962 542 4024 clericatus
562 3964 729 4025 dermninm
742 3965 845 4047 qnietis
886 3968 1048 4029 immuncu
1067 3974 1224 4037 curialibus
1245 3980 1371 4043 nexibus
1389 3986 1534 4057 habeatur

201 4048 379 4131 impleuerit,
395 4069 463 4109 curn
475 4052 652 4127 patrimonio
665 4049 716 4111 suo
732 4052 764 4111 in
781 4073 840 4131 pet·-
886 4074 918 4115 ac
932 4054 1067 4115 liberum.
1112 4058 1226 4136 lircro,
1241 4062 1332 4143 quise
1346 4070 1535 4144 adrelicriosa

201 4151 326 4218 pctuuut
340 4132 478 4194 habeatur
498 4135 654 4197 immunis:
679 4133 699 4195 ii
717 4158 784 4197 tcto
797 4140 841 4198 in·
886 4140 980 4200 diuini
997 4144 1093 4204 cuitus
1107 4144 1255 4226 obsequia,
1267 4132 1473 4239 quocumquco
1479 4165 1533 4231 sub

198 4216 349 4285 nufiuitos
360 4238 453 4280 anuos
463 4218 548 4279 iitctit
561 4241 576 4279 a
590 4222 667 4280 curia
678 4241 840 4298 reuocatus,
883 4228 1014 4297 nominc,
1023 4229 1087 4305 post
1100 4238 1252 4296 memorati
1273 4238 1443 4310 consulatus
1457 4271 1533 4317 tcm.

198 4329 268 4371 cum
281 4303 437 4369 substantie
455 4301 503 4367 sua
523 4303 725 4367 fttuiiionibua
747 4307 840 4373 i'ubia·
881 4333 951 4391 pura
966 4311 1125 4395 pretii-ripn
1140 4324 1328 4400 contulerint,
1341 4335 1529 4425 omniscimt

197 4410 261 4463 cert
276 4392 425 4476 ciuitatitt
462 4388 643 4462 obstruendo
660 4392 733 4483 tue,
756 4396 841 4474 rthi
881 4397 1047 4471 ccdutduu
1059 4401 1114 4471 cist
1127 4408 1316 4493 patritucuic,
