<?xml version="1.0" encoding="UTF-8"?>
<!DOCTYPE html PUBLIC "-//W3C//DTD XHTML 1.0 Transitional//EN"
    "http://www.w3.org/TR/xhtml1/DTD/xhtml1-transitional.dtd">
<html xmlns="http://www.w3.org/1999/xhtml" xml:lang="en" lang="en">
 <head>
  <title>
</title>
<meta http-equiv="Content-Type" content="text/html;charset=utf-8" />
  <meta name='ocr-system' content='tesseract 3.04.00' />
  <meta name='ocr-capabilities' content='ocr_page ocr_carea ocr_par ocr_line ocrx_word'/>
</head>
<body>
  <div class='ocr_page' id='page_1' title='image "./opervmquaeexsta00binggoog_0376.png"; bbox 0 0 3472 4844; ppageno 0'>
   <div class='ocr_carea' id='block_1_1' title="bbox 214 356 1527 445">
    <p class='ocr_par' dir='ltr' id='par_1_1' title="bbox 214 356 1527 445">
     <span class='ocr_line' id='line_1_1' title="bbox 214 356 1527 445; baseline 0.006 -37"><span class='ocrx_word' id='word_1_1' title='bbox 214 363 256 413; x_wconf 68' lang='lat' dir='ltr'><em>D!</em></span> <span class='ocrx_word' id='word_1_2' title='bbox 268 356 425 407; x_wconf 67' lang='lat' dir='ltr'>LEGIMD</span> <span class='ocrx_word' id='word_1_3' title='bbox 436 358 545 405; x_wconf 72' lang='grc' dir='ltr'><em>ΠΤΑΜ</em></span> <span class='ocrx_word' id='word_1_4' title='bbox 556 362 602 407; x_wconf 73' lang='grc' dir='ltr'><em>ΕΤ</em></span> <span class='ocrx_word' id='word_1_5' title='bbox 610 359 818 417; x_wconf 69' lang='lat' dir='ltr'><em>contritam.</em></span> <span class='ocrx_word' id='word_1_6' title='bbox 828 358 976 412; x_wconf 77' lang='lat' dir='ltr'><em>tntscott.</em></span> <span class='ocrx_word' id='word_1_7' title='bbox 988 363 1161 414; x_wconf 66' lang='lat' dir='ltr'><em>timeon.</em></span> <span class='ocrx_word' id='word_1_8' title='bbox 1169 364 1444 418; x_wconf 69' lang='lat' dir='ltr'><em>autumnate.</em></span> <span class='ocrx_word' id='word_1_9' title='bbox 1469 370 1527 445; x_wconf 65' lang='lat'><em>333</em></span> 
     </span>
    </p>
   </div>
   <div class='ocr_carea' id='block_1_2' title="bbox 1074 478 1521 504">
    <p class='ocr_par' dir='ltr' id='par_1_2' title="bbox 1074 478 1521 504">
     <span class='ocr_line' id='line_1_2' title="bbox 1074 478 1521 504; baseline -0.009 2"><span class='ocrx_word' id='word_1_10' title='bbox 1074 478 1521 504; x_wconf 51' lang='lat' dir='ltr'><em>mm</em></span> 
     </span>
    </p>
   </div>
   <div class='ocr_carea' id='block_1_3' title="bbox 193 520 1591 3927">
    <p class='ocr_par' dir='ltr' id='par_1_3' title="bbox 206 520 1526 1320">
     <span class='ocr_line' id='line_1_3' title="bbox 211 520 1525 626; baseline 0.01 -34"><span class='ocrx_word' id='word_1_11' title='bbox 211 540 370 612; x_wconf 87' lang='lat' dir='ltr'><em>cumque</em></span> <span class='ocrx_word' id='word_1_12' title='bbox 394 537 551 589; x_wconf 80' lang='lat' dir='ltr'><em>creatam</em></span> <span class='ocrx_word' id='word_1_13' title='bbox 579 520 786 593; x_wconf 86' lang='lat' dir='ltr'><em>iurauerint.</em></span> <span class='ocrx_word' id='word_1_14' title='bbox 856 520 904 594; x_wconf 82' lang='lat' dir='ltr'><em>Et</em></span> <span class='ocrx_word' id='word_1_15' title='bbox 929 524 1056 596; x_wconf 79' lang='lat' dir='ltr'><em>tetrius</em></span> <span class='ocrx_word' id='word_1_16' title='bbox 1087 528 1240 599; x_wconf 88' lang='lat' dir='ltr'><em>canonl</em></span> <span class='ocrx_word' id='word_1_17' title='bbox 1276 528 1314 601; x_wconf 90' lang='lat' dir='ltr'><em>in</em></span> <span class='ocrx_word' id='word_1_18' title='bbox 1337 552 1429 621; x_wconf 91' lang='lat' dir='ltr'><em>eos,</em></span> <span class='ocrx_word' id='word_1_19' title='bbox 1461 531 1525 626; x_wconf 87' lang='lat' dir='ltr'><em>qui</em></span> 
     </span>
     <span class='ocr_line' id='line_1_4' title="bbox 207 616 1523 720; baseline 0.008 -28"><span class='ocrx_word' id='word_1_20' title='bbox 207 619 305 692; x_wconf 82' lang='lat' dir='ltr'><em>inter</em></span> <span class='ocrx_word' id='word_1_21' title='bbox 332 616 459 714; x_wconf 84' lang='lat' dir='ltr'><em>epulas</em></span> <span class='ocrx_word' id='word_1_22' title='bbox 472 620 715 704; x_wconf 89' lang='lat' dir='ltr'><em>cantauerint‚</em></span> <span class='ocrx_word' id='word_1_23' title='bbox 738 617 903 693; x_wconf 88' lang='lat' dir='ltr'><em>eamdem</em></span> <span class='ocrx_word' id='word_1_24' title='bbox 920 644 1070 718; x_wconf 77' lang='lat' dir='ltr'><em>paenam</em></span> <span class='ocrx_word' id='word_1_25' title='bbox 1087 625 1312 720; x_wconf 83' lang='lat' dir='ltr'>pronuntiat.</span> <span class='ocrx_word' id='word_1_26' title='bbox 1363 650 1523 703; x_wconf 76' lang='lat' dir='ltr'><em>urano·</em></span> 
     </span>
     <span class='ocr_line' id='line_1_5' title="bbox 207 713 1526 812; baseline 0.009 -20"><span class='ocrx_word' id='word_1_27' title='bbox 207 739 361 793; x_wconf 77' lang='lat' dir='ltr'><em>rttttrvs</em></span> <span class='ocrx_word' id='word_1_28' title='bbox 392 713 577 812; x_wconf 79' lang='lat' dir='ltr'>speciatim</span> <span class='ocrx_word' id='word_1_29' title='bbox 600 719 771 791; x_wconf 88' lang='lat' dir='ltr'><em>clericum</em></span> <span class='ocrx_word' id='word_1_30' title='bbox 797 716 898 792; x_wconf 89' lang='lat' dir='ltr'><em>suum</em></span> <span class='ocrx_word' id='word_1_31' title='bbox 921 721 997 793; x_wconf 87' lang='lat' dir='ltr'><em>altis</em></span> <span class='ocrx_word' id='word_1_32' title='bbox 1018 720 1234 798; x_wconf 85' lang='lat' dir='ltr'><em>detrahendi</em></span> <span class='ocrx_word' id='word_1_33' title='bbox 1258 725 1386 799; x_wconf 90' lang='lat' dir='ltr'><em>vitium</em></span> <span class='ocrx_word' id='word_1_34' title='bbox 1408 728 1526 805; x_wconf 87' lang='lat' dir='ltr'><em>vitate</em></span> 
     </span>
     <span class='ocr_line' id='line_1_6' title="bbox 207 814 1525 927; baseline 0.006 -36"><span class='ocrx_word' id='word_1_35' title='bbox 207 814 330 892; x_wconf 85' lang='lat' dir='ltr'><em>docet.</em></span> <span class='ocrx_word' id='word_1_36' title='bbox 384 822 465 888; x_wconf 72' lang='lat' dir='ltr'><em>saue</em></span> <span class='ocrx_word' id='word_1_37' title='bbox 485 836 531 901; x_wconf 70' lang='lat' dir='ltr'><em>m,</em></span> <span class='ocrx_word' id='word_1_38' title='bbox 567 819 710 912; x_wconf 81' lang='lat' dir='ltr'><em>inquit,</em></span> <span class='ocrx_word' id='word_1_39' title='bbox 735 844 774 891; x_wconf 88' lang='lat' dir='ltr'><em>ne</em></span> <span class='ocrx_word' id='word_1_40' title='bbox 798 839 855 890; x_wconf 84' lang='lat' dir='ltr'><em>aect</em></span> <span class='ocrx_word' id='word_1_41' title='bbox 869 822 1009 917; x_wconf 82' lang='lat' dir='ltr'><em>linguam</em></span> <span class='ocrx_word' id='word_1_42' title='bbox 1026 842 1084 893; x_wconf 89' lang='lat' dir='ltr'><em>aut</em></span> <span class='ocrx_word' id='word_1_43' title='bbox 1099 850 1193 895; x_wconf 87' lang='lat' dir='ltr'><em>aures</em></span> <span class='ocrx_word' id='word_1_44' title='bbox 1208 822 1319 895; x_wconf 81' lang='lat' dir='ltr'><em>halece</em></span> <span class='ocrx_word' id='word_1_45' title='bbox 1327 835 1525 927; x_wconf 79' lang='lat' dir='ltr'><em>prurientes,</em></span> 
     </span>
     <span class='ocr_line' id='line_1_7' title="bbox 206 906 1525 1015; baseline 0.007 -26"><span class='ocrx_word' id='word_1_46' title='bbox 206 916 247 991; x_wconf 84' lang='lat' dir='ltr'><em>id</em></span> <span class='ocrx_word' id='word_1_47' title='bbox 265 921 323 1015; x_wconf 77' lang='lat' dir='ltr'><em>esi,</em></span> <span class='ocrx_word' id='word_1_48' title='bbox 348 944 387 987; x_wconf 88' lang='lat' dir='ltr'><em>ne</em></span> <span class='ocrx_word' id='word_1_49' title='bbox 400 937 459 987; x_wconf 88' lang='lat' dir='ltr'><em>aut</em></span> <span class='ocrx_word' id='word_1_50' title='bbox 470 913 533 1014; x_wconf 75' lang='lat' dir='ltr'><em>ipsc</em></span> <span class='ocrx_word' id='word_1_51' title='bbox 546 919 619 986; x_wconf 86' lang='lat' dir='ltr'><em>aliis</em></span> <span class='ocrx_word' id='word_1_52' title='bbox 633 917 784 991; x_wconf 77' lang='lat' dir='ltr'><em>detrahas</em></span> <span class='ocrx_word' id='word_1_53' title='bbox 792 974 800 1005; x_wconf 91' lang='lat'><em>,</em></span> <span class='ocrx_word' id='word_1_54' title='bbox 827 941 885 990; x_wconf 89' lang='lat' dir='ltr'><em>aut</em></span> <span class='ocrx_word' id='word_1_55' title='bbox 897 927 973 992; x_wconf 89' lang='lat' dir='ltr'><em>alios</em></span> <span class='ocrx_word' id='word_1_56' title='bbox 993 923 1107 993; x_wconf 83' lang='lat' dir='ltr'><em>audias</em></span> <span class='ocrx_word' id='word_1_57' title='bbox 1122 923 1331 996; x_wconf 84' lang='lat' dir='ltr'><em>detrahentes.</em></span> <span class='ocrx_word' id='word_1_58' title='bbox 1425 906 1525 1001; x_wconf 77' lang='lat' dir='ltr'><em>Palae</em></span> 
     </span>
     <span class='ocr_line' id='line_1_8' title="bbox 208 1018 1524 1125; baseline 0.008 -35"><span class='ocrx_word' id='word_1_59' title='bbox 208 1044 230 1091; x_wconf 80' lang='lat' dir='ltr'><em>a</em></span> <span class='ocrx_word' id='word_1_60' title='bbox 247 1018 443 1090; x_wconf 78' lang='lat' dir='ltr'><em>detraliione</em></span> <span class='ocrx_word' id='word_1_61' title='bbox 460 1021 583 1115; x_wconf 76' lang='lat' dir='ltr'><em>lingue,</em></span> <span class='ocrx_word' id='word_1_62' title='bbox 603 1019 717 1115; x_wconf 75' lang='lat' dir='ltr'><em>casstodi</em></span> <span class='ocrx_word' id='word_1_63' title='bbox 738 1038 889 1090; x_wconf 73' lang='lat' dir='ltr'><em>sermones</em></span> <span class='ocrx_word' id='word_1_64' title='bbox 908 1042 991 1109; x_wconf 88' lang='lat' dir='ltr'><em>tuos,</em></span> <span class='ocrx_word' id='word_1_65' title='bbox 1008 1018 1140 1121; x_wconf 60' lang='lat' dir='ltr'><em>uscire,</em></span> <span class='ocrx_word' id='word_1_66' title='bbox 1153 1032 1232 1123; x_wconf 86' lang='lat' dir='ltr'><em>qnia</em></span> <span class='ocrx_word' id='word_1_67' title='bbox 1245 1045 1307 1125; x_wconf 89' lang='lat' dir='ltr'><em>per</em></span> <span class='ocrx_word' id='word_1_68' title='bbox 1319 1027 1442 1116; x_wconf 81' lang='lat' dir='ltr'><em>caussa,</em></span> <span class='ocrx_word' id='word_1_69' title='bbox 1455 1052 1524 1125; x_wconf 78' lang='lat' dir='ltr'><em>qua</em></span> 
     </span>
     <span class='ocr_line' id='line_1_9' title="bbox 207 1117 1523 1223; baseline 0.005 -30"><span class='ocrx_word' id='word_1_70' title='bbox 207 1119 248 1193; x_wconf 79' lang='lat' dir='ltr'><em>de</em></span> <span class='ocrx_word' id='word_1_71' title='bbox 269 1123 343 1191; x_wconf 84' lang='lat' dir='ltr'><em>aliis</em></span> <span class='ocrx_word' id='word_1_72' title='bbox 361 1120 517 1217; x_wconf 74' lang='lat' dir='ltr'><em>lapsuris,</em></span> <span class='ocrx_word' id='word_1_73' title='bbox 545 1137 603 1188; x_wconf 82' lang='lat' dir='ltr'><em>teca</em></span> <span class='ocrx_word' id='word_1_74' title='bbox 618 1117 803 1213; x_wconf 73' lang='lat' dir='ltr'><em>conscientia</em></span> <span class='ocrx_word' id='word_1_75' title='bbox 820 1120 996 1209; x_wconf 84' lang='lat' dir='ltr'><em>iudicaris,</em></span> <span class='ocrx_word' id='word_1_76' title='bbox 1024 1146 1092 1220; x_wconf 85' lang='lat' dir='ltr'><em>que</em></span> <span class='ocrx_word' id='word_1_77' title='bbox 1105 1131 1151 1194; x_wconf 87' lang='lat' dir='ltr'><em>in-</em></span> <span class='ocrx_word' id='word_1_78' title='bbox 1163 1128 1235 1195; x_wconf 86' lang='lat' dir='ltr'><em>aliis</em></span> <span class='ocrx_word' id='word_1_79' title='bbox 1249 1124 1409 1223; x_wconf 76' lang='lat' dir='ltr'><em>arguebas.</em></span> <span class='ocrx_word' id='word_1_80' title='bbox 1459 1135 1523 1200; x_wconf 89' lang='lat' dir='ltr'><em>Ne·</em></span> 
     </span>
     <span class='ocr_line' id='line_1_10' title="bbox 208 1215 1524 1320; baseline 0.006 -28"><span class='ocrx_word' id='word_1_81' title='bbox 208 1244 362 1320; x_wconf 68' lang='lat' dir='ltr'><em>quaerero</em></span> <span class='ocrx_word' id='word_1_82' title='bbox 391 1220 444 1289; x_wconf 88' lang='lat' dir='ltr'><em>illa</em></span> <span class='ocrx_word' id='word_1_83' title='bbox 469 1220 547 1313; x_wconf 75' lang='lat' dir='ltr'><em>iusta</em></span> <span class='ocrx_word' id='word_1_84' title='bbox 570 1220 609 1314; x_wconf 82' lang='lat' dir='ltr'><em>est</em></span> <span class='ocrx_word' id='word_1_85' title='bbox 630 1215 807 1315; x_wconf 77' lang='lat' dir='ltr'><em>excusatio,</em></span> <span class='ocrx_word' id='word_1_86' title='bbox 833 1219 1041 1313; x_wconf 74' lang='lat' dir='ltr'><em>suserernilus</em></span> <span class='ocrx_word' id='word_1_87' title='bbox 1058 1226 1133 1295; x_wconf 78' lang='lat' dir='ltr'><em>aliis</em></span> <span class='ocrx_word' id='word_1_88' title='bbox 1153 1231 1310 1295; x_wconf 85' lang='lat' dir='ltr'><em>iniuriam</em></span> <span class='ocrx_word' id='word_1_89' title='bbox 1328 1224 1441 1319; x_wconf 81' lang='lat' dir='ltr'><em>facere</em></span> <span class='ocrx_word' id='word_1_90' title='bbox 1461 1254 1524 1301; x_wconf 81' lang='lat' dir='ltr'><em>non</em></span> 
     </span>
    </p>

    <p class='ocr_par' dir='ltr' id='par_1_4' title="bbox 193 1313 1591 3927">
     <span class='ocr_line' id='line_1_11' title="bbox 203 1313 1576 1425; baseline 0.006 -34"><span class='ocrx_word' id='word_1_91' title='bbox 203 1321 326 1425; x_wconf 71' lang='lat' dir='ltr'><em>peplum.</em></span> <span class='ocrx_word' id='word_1_92' title='bbox 381 1326 479 1390; x_wconf 89' lang='lat' dir='ltr'><em>Nemo</em></span> <span class='ocrx_word' id='word_1_93' title='bbox 493 1326 597 1387; x_wconf 88' lang='lat' dir='ltr'><em>inuito</em></span> <span class='ocrx_word' id='word_1_94' title='bbox 612 1319 756 1389; x_wconf 81' lang='lat' dir='ltr'><em>auditori</em></span> <span class='ocrx_word' id='word_1_95' title='bbox 770 1317 904 1392; x_wconf 77' lang='lat' dir='ltr'><em>libenter</em></span> <span class='ocrx_word' id='word_1_96' title='bbox 922 1320 1033 1414; x_wconf 79' lang='lat' dir='ltr'><em>refert.</em></span> <span class='ocrx_word' id='word_1_97' title='bbox 1084 1328 1211 1423; x_wconf 83' lang='lat' dir='ltr'><em>Sagitta</em></span> <span class='ocrx_word' id='word_1_98' title='bbox 1230 1334 1267 1396; x_wconf 85' lang='lat' dir='ltr'><em>irs</em></span> <span class='ocrx_word' id='word_1_99' title='bbox 1280 1326 1415 1425; x_wconf 84' lang='lat' dir='ltr'><em>lapidem</em></span> <span class='ocrx_word' id='word_1_100' title='bbox 1428 1352 1522 1399; x_wconf 86' lang='lat' dir='ltr'><em>num·</em></span> <span class='ocrx_word' id='word_1_101' title='bbox 1573 1313 1576 1318; x_wconf 30' lang='lat'>⁵</span> 
     </span>
     <span class='ocr_line' id='line_1_12' title="bbox 206 1419 1523 1523; baseline 0.005 -31"><span class='ocrx_word' id='word_1_102' title='bbox 206 1447 304 1523; x_wconf 81' lang='lat' dir='ltr'><em>qnam</em></span> <span class='ocrx_word' id='word_1_103' title='bbox 317 1421 454 1519; x_wconf 81' lang='lat' dir='ltr'><em>figitrcr,</em></span> <span class='ocrx_word' id='word_1_104' title='bbox 481 1419 646 1490; x_wconf 84' lang='lat' dir='ltr'><em>interdum</em></span> <span class='ocrx_word' id='word_1_105' title='bbox 660 1422 793 1514; x_wconf 78' lang='lat' dir='ltr'><em>refiliens</em></span> <span class='ocrx_word' id='word_1_106' title='bbox 803 1431 945 1520; x_wconf 86' lang='lat' dir='ltr'><em>percutit</em></span> <span class='ocrx_word' id='word_1_107' title='bbox 959 1422 1162 1521; x_wconf 79' lang='lat' dir='ltr'><em>dirigentem.</em></span> <span class='ocrx_word' id='word_1_108' title='bbox 1214 1420 1334 1520; x_wconf 84' lang='lat' dir='ltr'><em>Discat</em></span> <span class='ocrx_word' id='word_1_109' title='bbox 1348 1426 1523 1516; x_wconf 77' lang='lat' dir='ltr'><em>detraslor,</em></span> 
     </span>
     <span class='ocr_line' id='line_1_13' title="bbox 204 1518 1529 1615; baseline 0.005 -20"><span class='ocrx_word' id='word_1_110' title='bbox 204 1524 286 1595; x_wconf 82' lang='lat' dir='ltr'><em>dum</em></span> <span class='ocrx_word' id='word_1_111' title='bbox 316 1540 349 1592; x_wconf 89' lang='lat' dir='ltr'><em>te</em></span> <span class='ocrx_word' id='word_1_112' title='bbox 369 1519 458 1592; x_wconf 85' lang='lat' dir='ltr'><em>uidet</em></span> <span class='ocrx_word' id='word_1_113' title='bbox 469 1545 531 1590; x_wconf 86' lang='lat' dir='ltr'><em>non</em></span> <span class='ocrx_word' id='word_1_114' title='bbox 543 1518 674 1592; x_wconf 87' lang='lat' dir='ltr'><em>libenter</em></span> <span class='ocrx_word' id='word_1_115' title='bbox 690 1520 816 1608; x_wconf 85' lang='lat' dir='ltr'><em>audire,</em></span> <span class='ocrx_word' id='word_1_116' title='bbox 830 1521 995 1615; x_wconf 82' lang='lat' dir='ltr'><em>nonfacile</em></span> <span class='ocrx_word' id='word_1_117' title='bbox 1008 1524 1186 1595; x_wconf 78' lang='lat' dir='ltr'><em>detrahere.</em></span> <span class='ocrx_word' id='word_1_118' title='bbox 1238 1545 1529 1602; x_wconf 75' lang='lat' dir='ltr'><em>caarsostotuva</em></span> 
     </span>
     <span class='ocr_line' id='line_1_14' title="bbox 205 1620 1524 1718; baseline 0.002 -23"><span class='ocrx_word' id='word_1_119' title='bbox 205 1646 228 1687; x_wconf 83' lang='lat' dir='ltr'><em>n</em></span> <span class='ocrx_word' id='word_1_120' title='bbox 261 1624 367 1696; x_wconf 86' lang='lat' dir='ltr'><em>huius</em></span> <span class='ocrx_word' id='word_1_121' title='bbox 401 1621 482 1694; x_wconf 86' lang='lat' dir='ltr'><em>vitii</em></span> <span class='ocrx_word' id='word_1_122' title='bbox 507 1623 737 1697; x_wconf 85' lang='lat' dir='ltr'><em>mentionem</em></span> <span class='ocrx_word' id='word_1_123' title='bbox 757 1623 862 1716; x_wconf 87' lang='lat' dir='ltr'><em>tacit,</em></span> <span class='ocrx_word' id='word_1_124' title='bbox 884 1645 924 1695; x_wconf 92' lang='lat' dir='ltr'><em>vt</em></span> <span class='ocrx_word' id='word_1_125' title='bbox 946 1621 1049 1718; x_wconf 88' lang='lat' dir='ltr'><em>quod</em></span> <span class='ocrx_word' id='word_1_126' title='bbox 1071 1622 1177 1697; x_wconf 89' lang='lat' dir='ltr'><em>valde</em></span> <span class='ocrx_word' id='word_1_127' title='bbox 1197 1620 1383 1699; x_wconf 86' lang='lat' dir='ltr'><em>familiaris</em></span> <span class='ocrx_word' id='word_1_128' title='bbox 1404 1622 1447 1699; x_wconf 86' lang='lat' dir='ltr'><em>fit</em></span> <span class='ocrx_word' id='word_1_129' title='bbox 1471 1627 1524 1713; x_wconf 85' lang='lat' dir='ltr'><em>in·</em></span> 
     </span>
     <span class='ocr_line' id='line_1_15' title="bbox 205 1718 1523 1814; baseline -0.002 -13"><span class='ocrx_word' id='word_1_130' title='bbox 205 1721 425 1810; x_wconf 84' lang='lat' dir='ltr'><em>serioribus,</em></span> <span class='ocrx_word' id='word_1_131' title='bbox 452 1744 612 1814; x_wconf 86' lang='lat' dir='ltr'><em>quorum</em></span> <span class='ocrx_word' id='word_1_132' title='bbox 633 1718 822 1799; x_wconf 81' lang='lat' dir='ltr'><em>inuidia&amp;</em></span> <span class='ocrx_word' id='word_1_133' title='bbox 843 1725 1028 1797; x_wconf 79' lang='lat' dir='ltr'><em>aemulatio</em></span> <span class='ocrx_word' id='word_1_134' title='bbox 1050 1719 1095 1795; x_wconf 86' lang='lat' dir='ltr'><em>ad</em></span> <span class='ocrx_word' id='word_1_135' title='bbox 1118 1720 1386 1797; x_wconf 89' lang='lat' dir='ltr'><em>detrahendum</em></span> <span class='ocrx_word' id='word_1_136' title='bbox 1414 1722 1461 1799; x_wconf 91' lang='lat' dir='ltr'><em>de</em></span> <span class='ocrx_word' id='word_1_137' title='bbox 1488 1747 1523 1799; x_wconf 90' lang='lat' dir='ltr'><em>e·</em></span> 
     </span>
     <span class='ocr_line' id='line_1_16' title="bbox 206 1818 1523 1924; baseline -0.001 -25"><span class='ocrx_word' id='word_1_138' title='bbox 206 1822 354 1924; x_wconf 85' lang='lat' dir='ltr'><em>piscopi</em></span> <span class='ocrx_word' id='word_1_139' title='bbox 375 1820 428 1897; x_wconf 90' lang='lat' dir='ltr'><em>sui</em></span> <span class='ocrx_word' id='word_1_140' title='bbox 448 1819 664 1898; x_wconf 69' lang='lat' dir='ltr'><em>tutior-inte</em></span> <span class='ocrx_word' id='word_1_141' title='bbox 678 1844 721 1895; x_wconf 89' lang='lat' dir='ltr'><em>ac</em></span> <span class='ocrx_word' id='word_1_142' title='bbox 740 1822 933 1897; x_wconf 89' lang='lat' dir='ltr'><em>virtutibus</em></span> <span class='ocrx_word' id='word_1_143' title='bbox 952 1823 1105 1897; x_wconf 90' lang='lat' dir='ltr'><em>nimium</em></span> <span class='ocrx_word' id='word_1_144' title='bbox 1127 1844 1276 1920; x_wconf 88' lang='lat' dir='ltr'><em>promta</em></span> <span class='ocrx_word' id='word_1_145' title='bbox 1298 1818 1369 1897; x_wconf 84' lang='lat' dir='ltr'><em>esse</em></span> <span class='ocrx_word' id='word_1_146' title='bbox 1388 1820 1523 1911; x_wconf 61' lang='lat' dir='ltr'><em>solean·</em></span> 
     </span>
     <span class='ocr_line' id='line_1_17' title="bbox 201 1917 1523 2022; baseline 0.003 -25"><span class='ocrx_word' id='word_1_147' title='bbox 201 1925 245 2001; x_wconf 86' lang='lat' dir='ltr'><em>in</em></span> <span class='ocrx_word' id='word_1_148' title='bbox 270 1922 401 2022; x_wconf 87' lang='lat' dir='ltr'><em>primia</em></span> <span class='ocrx_word' id='word_1_149' title='bbox 416 1917 443 1995; x_wconf 89' lang='lat' dir='ltr'><em>sl</em></span> <span class='ocrx_word' id='word_1_150' title='bbox 458 1920 508 1995; x_wconf 91' lang='lat' dir='ltr'><em>ob</em></span> <span class='ocrx_word' id='word_1_151' title='bbox 521 1917 668 2003; x_wconf 88' lang='lat' dir='ltr'><em>dicendi</em></span> <span class='ocrx_word' id='word_1_152' title='bbox 687 1919 894 1997; x_wconf 79' lang='lat' dir='ltr'><em>facultatem</em></span> <span class='ocrx_word' id='word_1_153' title='bbox 920 1921 1163 2013; x_wconf 85' lang='lat' dir='ltr'><em>multitudinis</em></span> <span class='ocrx_word' id='word_1_154' title='bbox 1189 1918 1345 1997; x_wconf 88' lang='lat' dir='ltr'><em>studium</em></span> <span class='ocrx_word' id='word_1_155' title='bbox 1366 1920 1523 2001; x_wconf 89' lang='lat' dir='ltr'><em>babeant</em></span> 
     </span>
     <span class='ocr_line' id='line_1_18' title="bbox 202 2018 1524 2124; baseline -0.001 -25"><span class='ocrx_word' id='word_1_156' title='bbox 202 2024 246 2101; x_wconf 75' lang='lat' dir='ltr'><em>dt</em></span> <span class='ocrx_word' id='word_1_157' title='bbox 264 2021 563 2111; x_wconf 66' lang='lat' dir='ltr'><em>admirationem</em></span> <span class='ocrx_word' id='word_1_158' title='bbox 589 2023 653 2118; x_wconf 89' lang='lat' dir='ltr'><em>qui</em></span> <span class='ocrx_word' id='word_1_159' title='bbox 673 2018 700 2095; x_wconf 84' lang='lat' dir='ltr'><em>st</em></span> <span class='ocrx_word' id='word_1_160' title='bbox 723 2022 761 2096; x_wconf 78' lang='lat' dir='ltr'><em>u</em></span> <span class='ocrx_word' id='word_1_161' title='bbox 782 2020 948 2097; x_wconf 89' lang='lat' dir='ltr'><em>audaculi</em></span> <span class='ocrx_word' id='word_1_162' title='bbox 967 2024 1005 2098; x_wconf 82' lang='lat' dir='ltr'><em>dr</em></span> <span class='ocrx_word' id='word_1_163' title='bbox 1025 2045 1241 2121; x_wconf 77' lang='lat' dir='ltr'><em>arrogantes</em></span> <span class='ocrx_word' id='word_1_164' title='bbox 1264 2022 1302 2099; x_wconf 71' lang='grc' dir='ltr'><em>ὅ(</em></span> <span class='ocrx_word' id='word_1_165' title='bbox 1326 2024 1459 2124; x_wconf 79' lang='lat' dir='ltr'><em>gloriae</em></span> <span class='ocrx_word' id='word_1_166' title='bbox 1483 2020 1524 2098; x_wconf 83' lang='lat' dir='ltr'><em>sa·</em></span> 
     </span>
     <span class='ocr_line' id='line_1_19' title="bbox 199 2119 1591 2219; baseline -0.001 -20"><span class='ocrx_word' id='word_1_167' title='bbox 199 2127 339 2205; x_wconf 70' lang='lat' dir='ltr'><em>,aientes</em></span> <span class='ocrx_word' id='word_1_168' title='bbox 359 2120 453 2213; x_wconf 79' lang='lat' dir='ltr'><em>sitit,</em></span> <span class='ocrx_word' id='word_1_169' title='bbox 483 2141 571 2205; x_wconf 84' lang='lat' dir='ltr'><em>tunc</em></span> <span class='ocrx_word' id='word_1_170' title='bbox 598 2143 664 2195; x_wconf 89' lang='lat' dir='ltr'><em>eos</em></span> <span class='ocrx_word' id='word_1_171' title='bbox 682 2122 775 2195; x_wconf 87' lang='lat' dir='ltr'><em>clam</em></span> <span class='ocrx_word' id='word_1_172' title='bbox 793 2119 1028 2210; x_wconf 85' lang='lat' dir='ltr'><em>subsannare,</em></span> <span class='ocrx_word' id='word_1_173' title='bbox 1053 2122 1229 2217; x_wconf 87' lang='lat' dir='ltr'><em>pleraque</em></span> <span class='ocrx_word' id='word_1_174' title='bbox 1256 2120 1303 2197; x_wconf 89' lang='lat' dir='ltr'><em>de</em></span> <span class='ocrx_word' id='word_1_175' title='bbox 1331 2121 1523 2219; x_wconf 86' lang='lat' dir='ltr'><em>praepostti</em></span> <span class='ocrx_word' id='word_1_176' title='bbox 1587 2136 1591 2143; x_wconf 87' lang='grc'><strong>“</strong></span> 
     </span>
     <span class='ocr_line' id='line_1_20' title="bbox 198 2218 1524 2318; baseline -0.006 -15"><span class='ocrx_word' id='word_1_177' title='bbox 198 2222 422 2303; x_wconf 69' lang='lat' dir='ltr'><em>«attonsae</em></span> <span class='ocrx_word' id='word_1_178' title='bbox 450 2218 665 2296; x_wconf 87' lang='lat' dir='ltr'><em>idemtidem</em></span> <span class='ocrx_word' id='word_1_179' title='bbox 694 2220 863 2295; x_wconf 84' lang='lat' dir='ltr'><em>vellicare</em></span> <span class='ocrx_word' id='word_1_180' title='bbox 889 2221 1040 2315; x_wconf 84' lang='lat' dir='ltr'><em>eiusque</em></span> <span class='ocrx_word' id='word_1_181' title='bbox 1069 2219 1335 2309; x_wconf 64' lang='lat' dir='ltr'><em>existimatione</em></span> <span class='ocrx_word' id='word_1_182' title='bbox 1357 2222 1393 2294; x_wconf 73' lang='lat' dir='ltr'><em>aa</em></span> <span class='ocrx_word' id='word_1_183' title='bbox 1419 2242 1524 2318; x_wconf 85' lang='lat' dir='ltr'><em>pote-</em></span> 
     </span>
     <span class='ocr_line' id='line_1_21' title="bbox 198 2315 1523 2419; baseline -0.004 -19"><span class='ocrx_word' id='word_1_184' title='bbox 198 2324 294 2405; x_wconf 82' lang='lat' dir='ltr'><em>slate</em></span> <span class='ocrx_word' id='word_1_185' title='bbox 308 2323 516 2407; x_wconf 88' lang='lat' dir='ltr'><em>imminuta,</em></span> <span class='ocrx_word' id='word_1_186' title='bbox 540 2321 665 2395; x_wconf 90' lang='lat' dir='ltr'><em>omnia</em></span> <span class='ocrx_word' id='word_1_187' title='bbox 679 2316 782 2419; x_wconf 92' lang='lat' dir='ltr'><em>ipsos</em></span> <span class='ocrx_word' id='word_1_188' title='bbox 802 2315 872 2395; x_wconf 87' lang='lat' dir='ltr'><em>elie</em></span> <span class='ocrx_word' id='word_1_189' title='bbox 894 2343 1049 2417; x_wconf 88' lang='lat' dir='ltr'><em>cupere,</em></span> <span class='ocrx_word' id='word_1_190' title='bbox 1076 2317 1173 2393; x_wconf 92' lang='lat' dir='ltr'><em>dicit.</em></span> <span class='ocrx_word' id='word_1_191' title='bbox 1226 2317 1313 2417; x_wconf 75' lang='lat' dir='ltr'><em>Qua</em></span> <span class='ocrx_word' id='word_1_192' title='bbox 1331 2318 1523 2395; x_wconf 83' lang='lat' dir='ltr'><em>occasione</em></span> 
     </span>
     <span class='ocr_line' id='line_1_22' title="bbox 202 2415 1521 2519; baseline -0.007 -15"><span class='ocrx_word' id='word_1_193' title='bbox 202 2423 337 2505; x_wconf 76' lang='lat' dir='ltr'><em>ausint</em></span> <span class='ocrx_word' id='word_1_194' title='bbox 359 2419 482 2498; x_wconf 83' lang='lat' dir='ltr'><em>noller</em></span> <span class='ocrx_word' id='word_1_195' title='bbox 504 2416 609 2496; x_wconf 86' lang='lat' dir='ltr'><em>fimul</em></span> <span class='ocrx_word' id='word_1_196' title='bbox 629 2416 805 2512; x_wconf 89' lang='lat' dir='ltr'><em>ostendit,</em></span> <span class='ocrx_word' id='word_1_197' title='bbox 833 2443 946 2515; x_wconf 90' lang='lat' dir='ltr'><em>quam</em></span> <span class='ocrx_word' id='word_1_198' title='bbox 971 2417 1155 2519; x_wconf 82' lang='lat' dir='ltr'><em>generoso</em></span> <span class='ocrx_word' id='word_1_199' title='bbox 1176 2415 1316 2516; x_wconf 85' lang='lat' dir='ltr'><em>spiritu,</em></span> <span class='ocrx_word' id='word_1_200' title='bbox 1340 2443 1453 2516; x_wconf 81' lang='lat' dir='ltr'><em>quant</em></span> <span class='ocrx_word' id='word_1_201' title='bbox 1468 2418 1521 2495; x_wconf 92' lang='lat' dir='ltr'><em>di·</em></span> 
     </span>
     <span class='ocr_line' id='line_1_23' title="bbox 205 2517 1523 2619; baseline -0.005 -15"><span class='ocrx_word' id='word_1_202' title='bbox 205 2528 297 2607; x_wconf 81' lang='lat' dir='ltr'><em>uino</em></span> <span class='ocrx_word' id='word_1_203' title='bbox 318 2524 355 2600; x_wconf 79' lang='lat' dir='ltr'><em>dt</em></span> <span class='ocrx_word' id='word_1_204' title='bbox 384 2520 619 2598; x_wconf 85' lang='lat' dir='ltr'><em>adamantino</em></span> <span class='ocrx_word' id='word_1_205' title='bbox 638 2522 764 2595; x_wconf 90' lang='lat' dir='ltr'><em>animo</em></span> <span class='ocrx_word' id='word_1_206' title='bbox 795 2520 973 2597; x_wconf 86' lang='lat' dir='ltr'><em>excellere</em></span> <span class='ocrx_word' id='word_1_207' title='bbox 1002 2517 1218 2619; x_wconf 89' lang='lat' dir='ltr'><em>episcopum</em></span> <span class='ocrx_word' id='word_1_208' title='bbox 1247 2542 1447 2618; x_wconf 86' lang='lat' dir='ltr'><em>oporteat,</em></span> <span class='ocrx_word' id='word_1_209' title='bbox 1481 2542 1523 2597; x_wconf 86' lang='lat' dir='ltr'><em>ttt</em></span> 
     </span>
     <span class='ocr_line' id='line_1_24' title="bbox 196 2618 1524 2705; baseline -0.008 1"><span class='ocrx_word' id='word_1_210' title='bbox 196 2652 255 2705; x_wconf 76' lang='lat' dir='ltr'><em>ate</em></span> <span class='ocrx_word' id='word_1_211' title='bbox 284 2627 322 2701; x_wconf 90' lang='lat' dir='ltr'><em>in</em></span> <span class='ocrx_word' id='word_1_212' title='bbox 352 2623 411 2701; x_wconf 85' lang='lat' dir='ltr'><em>hia</em></span> <span class='ocrx_word' id='word_1_213' title='bbox 438 2621 476 2697; x_wconf 75' lang='grc' dir='ltr'>ἃ</span> <span class='ocrx_word' id='word_1_214' title='bbox 504 2618 683 2697; x_wconf 82' lang='lat' dir='ltr'><em>sexcentis</em></span> <span class='ocrx_word' id='word_1_215' title='bbox 711 2622 789 2696; x_wconf 86' lang='lat' dir='ltr'><em>aliis</em></span> <span class='ocrx_word' id='word_1_216' title='bbox 820 2619 992 2695; x_wconf 75' lang='lat' dir='ltr'><em>similibus</em></span> <span class='ocrx_word' id='word_1_217' title='bbox 1016 2618 1275 2695; x_wconf 83' lang='lat' dir='ltr'><em>tentationibus</em></span> <span class='ocrx_word' id='word_1_218' title='bbox 1302 2621 1361 2695; x_wconf 91' lang='lat' dir='ltr'><em>vel</em></span> <span class='ocrx_word' id='word_1_219' title='bbox 1387 2620 1431 2695; x_wconf 89' lang='lat' dir='ltr'><em>ab</em></span> <span class='ocrx_word' id='word_1_220' title='bbox 1454 2618 1524 2697; x_wconf 89' lang='lat' dir='ltr'><em>hac</em></span> 
     </span>
     <span class='ocr_line' id='line_1_25' title="bbox 196 2716 1522 2829; baseline -0.007 -25"><span class='ocrx_word' id='word_1_221' title='bbox 196 2738 312 2829; x_wconf 62' lang='lat' dir='ltr'><em>marte</em></span> <span class='ocrx_word' id='word_1_222' title='bbox 342 2725 406 2798; x_wconf 84' lang='lat' dir='ltr'><em>irae</em></span> <span class='ocrx_word' id='word_1_223' title='bbox 430 2722 468 2797; x_wconf 78' lang='lat' dir='ltr'><em>dt</em></span> <span class='ocrx_word' id='word_1_224' title='bbox 489 2718 660 2815; x_wconf 84' lang='lat' dir='ltr'><em>inuidiae,</em></span> <span class='ocrx_word' id='word_1_225' title='bbox 687 2720 747 2794; x_wconf 86' lang='lat' dir='ltr'><em>vel</em></span> <span class='ocrx_word' id='word_1_226' title='bbox 766 2719 812 2794; x_wconf 90' lang='lat' dir='ltr'><em>ab</em></span> <span class='ocrx_word' id='word_1_227' title='bbox 832 2722 943 2794; x_wconf 88' lang='lat' dir='ltr'><em>altera</em></span> <span class='ocrx_word' id='word_1_228' title='bbox 969 2740 1073 2818; x_wconf 90' lang='lat' dir='ltr'><em>parte</em></span> <span class='ocrx_word' id='word_1_229' title='bbox 1098 2716 1329 2816; x_wconf 89' lang='lat' dir='ltr'><em>insuperabili</em></span> <span class='ocrx_word' id='word_1_230' title='bbox 1349 2716 1522 2817; x_wconf 82' lang='lat' dir='ltr'><em>sollicitu-</em></span> 
     </span>
     <span class='ocr_line' id='line_1_26' title="bbox 194 2815 1523 2919; baseline -0.007 -16"><span class='ocrx_word' id='word_1_231' title='bbox 194 2828 284 2907; x_wconf 80' lang='lat' dir='ltr'><em>-diui</em></span> <span class='ocrx_word' id='word_1_232' title='bbox 301 2827 339 2901; x_wconf 81' lang='lat' dir='ltr'><em>dt</em></span> <span class='ocrx_word' id='word_1_233' title='bbox 360 2824 472 2897; x_wconf 89' lang='lat' dir='ltr'><em>animi</em></span> <span class='ocrx_word' id='word_1_234' title='bbox 496 2818 711 2912; x_wconf 73' lang='lat' dir='ltr'><em>abieliioni,</em></span> <span class='ocrx_word' id='word_1_235' title='bbox 733 2815 950 2895; x_wconf 89' lang='lat' dir='ltr'><em>succumbat.</em></span> <span class='ocrx_word' id='word_1_236' title='bbox 1000 2841 1239 2893; x_wconf 74' lang='lat' dir='ltr'><em>ntanotttuvs</em></span> <span class='ocrx_word' id='word_1_237' title='bbox 1258 2819 1363 2895; x_wconf 87' lang='lat' dir='ltr'><em>aliam</em></span> <span class='ocrx_word' id='word_1_238' title='bbox 1384 2818 1523 2919; x_wconf 76' lang='lat' dir='ltr'><em>lipguae</em></span> 
     </span>
     <span class='ocr_line' id='line_1_27' title="bbox 206 2915 1522 3016; baseline -0.007 -14"><span class='ocrx_word' id='word_1_239' title='bbox 206 2930 381 3007; x_wconf 82' lang='lat' dir='ltr'><em>virtutem</em></span> <span class='ocrx_word' id='word_1_240' title='bbox 402 2918 663 3011; x_wconf 73' lang='lat' dir='ltr'><em>commendat„</em></span> <span class='ocrx_word' id='word_1_241' title='bbox 683 2942 767 3016; x_wconf 82' lang='lat' dir='ltr'><em>quae</em></span> <span class='ocrx_word' id='word_1_242' title='bbox 793 2921 919 3016; x_wconf 81' lang='lat' dir='ltr'><em>magni</em></span> <span class='ocrx_word' id='word_1_243' title='bbox 934 2915 1016 2994; x_wconf 83' lang='lat' dir='ltr'><em>vsus</em></span> <span class='ocrx_word' id='word_1_244' title='bbox 1030 2921 1068 2993; x_wconf 91' lang='lat' dir='ltr'><em>in</em></span> <span class='ocrx_word' id='word_1_245' title='bbox 1084 2917 1361 2995; x_wconf 84' lang='lat' dir='ltr'><em>conuersatione</em></span> <span class='ocrx_word' id='word_1_246' title='bbox 1374 2916 1444 3005; x_wconf 83' lang='lat' dir='ltr'><em>esi3</em></span> <span class='ocrx_word' id='word_1_247' title='bbox 1470 2920 1522 2994; x_wconf 94' lang='lat' dir='ltr'><em>ni·</em></span> 
     </span>
     <span class='ocr_line' id='line_1_28' title="bbox 205 3016 1524 3115; baseline -0.005 -12"><span class='ocrx_word' id='word_1_248' title='bbox 205 3031 345 3107; x_wconf 85' lang='lat' dir='ltr'><em>mitum</em></span> <span class='ocrx_word' id='word_1_249' title='bbox 366 3028 592 3100; x_wconf 86' lang='lat' dir='ltr'><em>secretorum</em></span> <span class='ocrx_word' id='word_1_250' title='bbox 619 3016 820 3093; x_wconf 84' lang='lat' dir='ltr'><em>custodiam</em></span> <span class='ocrx_word' id='word_1_251' title='bbox 846 3020 883 3095; x_wconf 77' lang='grc' dir='ltr'>ἃ</span> <span class='ocrx_word' id='word_1_252' title='bbox 909 3016 1114 3111; x_wconf 79' lang='lat' dir='ltr'><em>silentium,</em></span> <span class='ocrx_word' id='word_1_253' title='bbox 1145 3017 1331 3115; x_wconf 89' lang='lat' dir='ltr'><em>speciatim</em></span> <span class='ocrx_word' id='word_1_254' title='bbox 1352 3021 1390 3093; x_wconf 94' lang='lat' dir='ltr'><em>in</em></span> <span class='ocrx_word' id='word_1_255' title='bbox 1412 3017 1524 3101; x_wconf 85' lang='lat' dir='ltr'><em>rebus</em></span> 
     </span>
     <span class='ocr_line' id='line_1_29' title="bbox 206 3120 1523 3221; baseline -0.011 -16"><span class='ocrx_word' id='word_1_256' title='bbox 206 3133 377 3211; x_wconf 84' lang='lat' dir='ltr'><em>virorum</em></span> <span class='ocrx_word' id='word_1_257' title='bbox 391 3123 581 3199; x_wconf 87' lang='lat' dir='ltr'><em>nobilium.</em></span> <span class='ocrx_word' id='word_1_258' title='bbox 635 3120 737 3216; x_wconf 77' lang='lat' dir='ltr'><em>Officii</em></span> <span class='ocrx_word' id='word_1_259' title='bbox 764 3128 817 3191; x_wconf 86' lang='lat' dir='ltr'><em>sui</em></span> <span class='ocrx_word' id='word_1_260' title='bbox 831 3141 850 3179; x_wconf 84' lang='grc' dir='ltr'>ο</span> <span class='ocrx_word' id='word_1_261' title='bbox 884 3122 956 3218; x_wconf 76' lang='lat' dir='ltr'><em>ep,</em></span> <span class='ocrx_word' id='word_1_262' title='bbox 989 3121 1133 3214; x_wconf 88' lang='lat' dir='ltr'><em>inquit,</em></span> <span class='ocrx_word' id='word_1_263' title='bbox 1167 3122 1295 3213; x_wconf 70' lang='lat' dir='ltr'><em>nepum</em></span> <span class='ocrx_word' id='word_1_264' title='bbox 1323 3124 1523 3221; x_wconf 81' lang='lat' dir='ltr'><em>languentes:</em></span> 
     </span>
     <span class='ocr_line' id='line_1_30' title="bbox 193 3214 1522 3334; baseline -0.008 -33"><span class='ocrx_word' id='word_1_265' title='bbox 193 3229 284 3334; x_wconf 62' lang='lat' dir='ltr'><em>inoffi</em></span> <span class='ocrx_word' id='word_1_266' title='bbox 304 3227 417 3299; x_wconf 89' lang='lat' dir='ltr'><em>domus</em></span> <span class='ocrx_word' id='word_1_267' title='bbox 433 3245 676 3313; x_wconf 85' lang='lat' dir='ltr'><em>matronarum,</em></span> <span class='ocrx_word' id='word_1_268' title='bbox 698 3248 736 3293; x_wconf 85' lang='lat' dir='ltr'><em>ac</em></span> <span class='ocrx_word' id='word_1_269' title='bbox 757 3220 869 3295; x_wconf 86' lang='lat' dir='ltr'><em>liberos</em></span> <span class='ocrx_word' id='word_1_270' title='bbox 886 3246 1020 3311; x_wconf 83' lang='lat' dir='ltr'><em>caraem,</em></span> <span class='ocrx_word' id='word_1_271' title='bbox 1044 3214 1083 3297; x_wconf 69' lang='lat' dir='ltr'><em>es</em></span> <span class='ocrx_word' id='word_1_272' title='bbox 1096 3216 1247 3291; x_wconf 83' lang='lat' dir='ltr'><em>nobilium</em></span> <span class='ocrx_word' id='word_1_273' title='bbox 1268 3231 1417 3292; x_wconf 87' lang='lat' dir='ltr'><em>virorum</em></span> <span class='ocrx_word' id='word_1_274' title='bbox 1430 3224 1522 3319; x_wconf 70' lang='lat' dir='ltr'><em>cresto·</em></span> 
     </span>
     <span class='ocr_line' id='line_1_31' title="bbox 208 3316 1520 3427; baseline -0.004 -28"><span class='ocrx_word' id='word_1_275' title='bbox 208 3334 281 3407; x_wconf 84' lang='lat' dir='ltr'><em>dire</em></span> <span class='ocrx_word' id='word_1_276' title='bbox 289 3327 421 3427; x_wconf 83' lang='lat' dir='ltr'><em>secreta.</em></span> <span class='ocrx_word' id='word_1_277' title='bbox 454 3325 561 3418; x_wconf 79' lang='lat' dir='ltr'><em>Officii</em></span> <span class='ocrx_word' id='word_1_278' title='bbox 573 3332 625 3394; x_wconf 91' lang='lat' dir='ltr'><em>tui</em></span> <span class='ocrx_word' id='word_1_279' title='bbox 634 3326 685 3419; x_wconf 79' lang='lat' dir='ltr'><em>est,</em></span> <span class='ocrx_word' id='word_1_280' title='bbox 702 3349 763 3392; x_wconf 86' lang='lat' dir='ltr'><em>non</em></span> <span class='ocrx_word' id='word_1_281' title='bbox 772 3320 876 3421; x_wconf 69' lang='lat' dir='ltr'><em>fialam</em></span> <span class='ocrx_word' id='word_1_282' title='bbox 889 3325 989 3392; x_wconf 86' lang='lat' dir='ltr'><em>oculos</em></span> <span class='ocrx_word' id='word_1_283' title='bbox 1003 3323 1094 3418; x_wconf 77' lang='lat' dir='ltr'><em>castos</em></span> <span class='ocrx_word' id='word_1_284' title='bbox 1104 3316 1305 3416; x_wconf 66' lang='lat' dir='ltr'><em>¹seruarefi‘d</em></span> <span class='ocrx_word' id='word_1_285' title='bbox 1321 3316 1359 3398; x_wconf 72' lang='lat' dir='ltr'><em>is</em></span> <span class='ocrx_word' id='word_1_286' title='bbox 1367 3326 1520 3419; x_wconf 82' lang='lat' dir='ltr'><em>linguam.</em></span> 
     </span>
     <span class='ocr_line' id='line_1_32' title="bbox 209 3420 1524 3530; baseline -0.008 -25"><span class='ocrx_word' id='word_1_287' title='bbox 209 3440 395 3530; x_wconf 81' lang='lat' dir='ltr'><em>Numquam</em></span> <span class='ocrx_word' id='word_1_288' title='bbox 416 3426 455 3497; x_wconf 88' lang='lat' dir='ltr'><em>de</em></span> <span class='ocrx_word' id='word_1_289' title='bbox 469 3424 777 3519; x_wconf 77' lang='lat' dir='ltr'><em>formismulicrscm</em></span> <span class='ocrx_word' id='word_1_290' title='bbox 791 3420 942 3523; x_wconf 79' lang='lat' dir='ltr'><em>disputes,</em></span> <span class='ocrx_word' id='word_1_291' title='bbox 960 3422 1113 3517; x_wconf 74' lang='lat' dir='ltr'><em>reeequid</em></span> <span class='ocrx_word' id='word_1_292' title='bbox 1132 3442 1249 3518; x_wconf 84' lang='lat' dir='ltr'><em>agatur</em></span> <span class='ocrx_word' id='word_1_293' title='bbox 1260 3430 1296 3490; x_wconf 86' lang='lat' dir='ltr'><em>ira</em></span> <span class='ocrx_word' id='word_1_294' title='bbox 1310 3424 1394 3511; x_wconf 92' lang='lat' dir='ltr'><em>alia,</em></span> <span class='ocrx_word' id='word_1_295' title='bbox 1412 3422 1524 3494; x_wconf 83' lang='lat' dir='ltr'><em>domus</em></span> 
     </span>
     <span class='ocr_line' id='line_1_33' title="bbox 195 3510 1525 3635; baseline -0.005 -35"><span class='ocrx_word' id='word_1_296' title='bbox 195 3536 273 3609; x_wconf 56' lang='lat' dir='ltr'><em>alia</em></span> <span class='ocrx_word' id='word_1_297' title='bbox 282 3556 343 3635; x_wconf 85' lang='lat' dir='ltr'><em>per</em></span> <span class='ocrx_word' id='word_1_298' title='bbox 362 3536 541 3600; x_wconf 80' lang='lat' dir='ltr'><em>terecurrit.</em></span> <span class='ocrx_word' id='word_1_299' title='bbox 593 3532 799 3625; x_wconf 74' lang='lat' dir='ltr'><em>Hippocrates</em></span> <span class='ocrx_word' id='word_1_300' title='bbox 822 3524 955 3594; x_wconf 79' lang='lat' dir='ltr'><em>adiurat</em></span> <span class='ocrx_word' id='word_1_301' title='bbox 972 3522 1070 3623; x_wconf 67' lang='lat' dir='ltr'><em>dspcip</em></span> <span class='ocrx_word' id='word_1_302' title='bbox 1083 3523 1138 3590; x_wconf 83' lang='lat' dir='ltr'><em>los</em></span> <span class='ocrx_word' id='word_1_303' title='bbox 1154 3519 1251 3615; x_wconf 84' lang='lat' dir='ltr'><em>suos,</em></span> <span class='ocrx_word' id='word_1_304' title='bbox 1274 3510 1525 3623; x_wconf 51' lang='lat' dir='ltr'><em>arstcpuam&#39;llo·</em></span> 
     </span>
     <span class='ocr_line' id='line_1_34' title="bbox 205 3619 1525 3729; baseline -0.013 -19"><span class='ocrx_word' id='word_1_305' title='bbox 205 3656 300 3729; x_wconf 84' lang='lat' dir='ltr'><em>erat,</em></span> <span class='ocrx_word' id='word_1_306' title='bbox 326 3627 364 3712; x_wconf 66' lang='lat' dir='ltr'><em>ts</em></span> <span class='ocrx_word' id='word_1_307' title='bbox 377 3639 414 3702; x_wconf 84' lang='lat' dir='ltr'><em>in</em></span> <span class='ocrx_word' id='word_1_308' title='bbox 431 3625 527 3700; x_wconf 83' lang='lat' dir='ltr'><em>uerba</em></span> <span class='ocrx_word' id='word_1_309' title='bbox 538 3624 602 3723; x_wconf 82' lang='lat' dir='ltr'><em>sua</em></span> <span class='ocrx_word' id='word_1_310' title='bbox 615 3636 728 3697; x_wconf 83' lang='lat' dir='ltr'><em>iurare</em></span> <span class='ocrx_word' id='word_1_311' title='bbox 748 3626 918 3725; x_wconf 83' lang='lat' dir='ltr'><em>compellit,</em></span> <span class='ocrx_word' id='word_1_312' title='bbox 944 3641 1113 3719; x_wconf 83' lang='lat' dir='ltr'><em>extorquet</em></span> <span class='ocrx_word' id='word_1_313' title='bbox 1131 3619 1331 3718; x_wconf 80' lang='lat' dir='ltr'><em>sacramento</em></span> <span class='ocrx_word' id='word_1_314' title='bbox 1350 3624 1525 3719; x_wconf 66' lang='lat' dir='ltr'><em>fictitium,</em></span> 
     </span>
     <span class='ocr_line' id='line_1_35' title="bbox 193 3718 1572 3901; baseline -0.004 -102"><span class='ocrx_word' id='word_1_315' title='bbox 193 3736 402 3841; x_wconf 60' lang='lat' dir='ltr'><em>,sermenem</em></span> <span class='ocrx_word' id='word_1_316' title='bbox 428 3726 591 3832; x_wconf 74' lang='lat' dir='ltr'><em>inccffum,</em></span> <span class='ocrx_word' id='word_1_317' title='bbox 607 3724 750 3799; x_wconf 81' lang='lat' dir='ltr'><em>habitum</em></span> <span class='ocrx_word' id='word_1_318' title='bbox 773 3750 937 3825; x_wconf 81' lang='lat' dir='ltr'><em>moresque</em></span> <span class='ocrx_word' id='word_1_319' title='bbox 950 3720 1135 3825; x_wconf 62' lang='lat' dir='ltr'><em>prescribit.</em></span> <span class='ocrx_word' id='word_1_320' title='bbox 1182 3727 1316 3818; x_wconf 60' lang='lat' dir='ltr'><em>Quaene</em></span> <span class='ocrx_word' id='word_1_321' title='bbox 1331 3718 1436 3823; x_wconf 82' lang='lat' dir='ltr'><em>magis</em></span> <span class='ocrx_word' id='word_1_322' title='bbox 1455 3722 1525 3901; x_wconf 66' lang='lat' dir='ltr'><em>sabos,</em></span> <span class='ocrx_word' id='word_1_323' title='bbox 1566 3821 1572 3831; x_wconf 17' lang='grc' dir='ltr'>ἱ</span> 
     </span>
     <span class='ocr_line' id='line_1_36' title="bbox 194 3827 1527 3927; baseline 0.009 -44"><span class='ocrx_word' id='word_1_324' title='bbox 194 3888 211 3899; x_wconf 33' lang='grc' dir='ltr'><strong>Γ</strong></span> <span class='ocrx_word' id='word_1_325' title='bbox 706 3876 709 3881; x_wconf 92' lang='grc'>.</span> <span class='ocrx_word' id='word_1_326' title='bbox 809 3922 812 3927; x_wconf 24' lang='grc'>1</span> <span class='ocrx_word' id='word_1_327' title='bbox 881 3827 950 3901; x_wconf 82' lang='lat' dir='ltr'><em>Tt</em></span> <span class='ocrx_word' id='word_1_328' title='bbox 982 3852 999 3919; x_wconf 82' lang='lat'><em>3</em></span> <span class='ocrx_word' id='word_1_329' title='bbox 1409 3832 1470 3923; x_wconf 83' lang='lat' dir='ltr'><em>qui</em></span> <span class='ocrx_word' id='word_1_330' title='bbox 1488 3851 1527 3923; x_wconf 68' lang='lat' dir='ltr'><em>aas</em></span> 
     </span>
    </p>
   </div>
   <div class='ocr_carea' id='block_1_4' title="bbox 208 3962 1528 4353">
    <p class='ocr_par' dir='ltr' id='par_1_5' title="bbox 208 3962 1528 4255">
     <span class='ocr_line' id='line_1_37' title="bbox 208 3962 1467 4005; baseline -0.017 -3"><span class='ocrx_word' id='word_1_331' title='bbox 208 3962 393 3991; x_wconf 47' lang='grc' dir='ltr'><strong>μ</strong></span> <span class='ocrx_word' id='word_1_332' title='bbox 708 3980 712 3987; x_wconf 90' lang='grc'><strong>’</strong></span> <span class='ocrx_word' id='word_1_333' title='bbox 746 3990 753 4003; x_wconf 60' lang='lat'><strong>·</strong></span> <span class='ocrx_word' id='word_1_334' title='bbox 883 4000 886 4005; x_wconf 48' lang='grc'>1</span> <span class='ocrx_word' id='word_1_335' title='bbox 1463 3972 1467 3981; x_wconf 82' lang='grc' dir='ltr'>ι</span> 
     </span>
     <span class='ocr_line' id='line_1_38' title="bbox 252 4002 1528 4100; baseline -0.011 -20"><span class='ocrx_word' id='word_1_336' title='bbox 252 4023 282 4100; x_wconf 90' lang='lat' dir='ltr'><em>l)</em></span> <span class='ocrx_word' id='word_1_337' title='bbox 304 4023 389 4083; x_wconf 86' lang='lat' dir='ltr'><em>Cone</em></span> <span class='ocrx_word' id='word_1_338' title='bbox 411 4015 508 4077; x_wconf 86' lang='lat' dir='ltr'><em>Carth.</em></span> <span class='ocrx_word' id='word_1_339' title='bbox 518 4017 570 4074; x_wconf 85' lang='lat' dir='ltr'><em>tv.</em></span> <span class='ocrx_word' id='word_1_340' title='bbox 584 4034 607 4073; x_wconf 92' lang='lat' dir='ltr'><em>c.</em></span> <span class='ocrx_word' id='word_1_341' title='bbox 621 4016 698 4075; x_wconf 76' lang='lat' dir='ltr'><em>axii</em></span> <span class='ocrx_word' id='word_1_342' title='bbox 748 4002 872 4076; x_wconf 69' lang='lat' dir='ltr'><em>*c&#39;teri&#39;</em></span> <span class='ocrx_word' id='word_1_343' title='bbox 933 4010 968 4087; x_wconf 92' lang='lat' dir='ltr'><em>n)</em></span> <span class='ocrx_word' id='word_1_344' title='bbox 992 4005 1190 4088; x_wconf 74' lang='lat' dir='ltr'><em>Chtylbslom.</em></span> <span class='ocrx_word' id='word_1_345' title='bbox 1207 4004 1244 4065; x_wconf 86' lang='lat' dir='ltr'><em>de</em></span> <span class='ocrx_word' id='word_1_346' title='bbox 1259 4002 1396 4076; x_wconf 72' lang='lat' dir='ltr'><em>sicardot,</em></span> <span class='ocrx_word' id='word_1_347' title='bbox 1419 4004 1528 4075; x_wconf 69' lang='lat' dir='ltr'><em>linit.</em></span> 
     </span>
     <span class='ocr_line' id='line_1_39' title="bbox 211 4097 1077 4179; baseline -0.017 -12"><span class='ocrx_word' id='word_1_348' title='bbox 211 4126 282 4167; x_wconf 77' lang='lat' dir='ltr'><em>eunt</em></span> <span class='ocrx_word' id='word_1_349' title='bbox 298 4108 373 4164; x_wconf 84' lang='lat' dir='ltr'><em>inter</em></span> <span class='ocrx_word' id='word_1_350' title='bbox 385 4103 483 4179; x_wconf 85' lang='lat' dir='ltr'><em>epulas</em></span> <span class='ocrx_word' id='word_1_351' title='bbox 496 4117 661 4160; x_wconf 86' lang='lat' dir='ltr'><em>cantantem</em></span> <span class='ocrx_word' id='word_1_352' title='bbox 673 4097 754 4176; x_wconf 84' lang='lat' dir='ltr'><em>supra</em></span> <span class='ocrx_word' id='word_1_353' title='bbox 766 4099 848 4162; x_wconf 76' lang='lat' dir='ltr'><em>dittae</em></span> <span class='ocrx_word' id='word_1_354' title='bbox 890 4097 1002 4158; x_wconf 84' lang='lat' dir='ltr'><em>c.Vlll.</em></span> <span class='ocrx_word' id='word_1_355' title='bbox 1025 4110 1077 4153; x_wconf 92' lang='lat' dir='ltr'><em>tot.</em></span> 
     </span>
     <span class='ocr_line' id='line_1_40' title="bbox 211 4183 970 4255; baseline -0.02 0"><span class='ocrx_word' id='word_1_356' title='bbox 211 4183 522 4255; x_wconf 78' lang='lat' dir='ltr'><em>sententinscttetitate</em></span> <span class='ocrx_word' id='word_1_357' title='bbox 538 4185 754 4245; x_wconf 85' lang='lat' dir='ltr'><em>co&#39;c&#39;tccndutn.&#39;</em></span> <span class='ocrx_word' id='word_1_358' title='bbox 826 4192 848 4203; x_wconf 94' lang='grc'><em>““</em></span> <span class='ocrx_word' id='word_1_359' title='bbox 966 4197 970 4205; x_wconf 89' lang='grc'><em>·</em></span> 
     </span>
    </p>

    <p class='ocr_par' dir='ltr' id='par_1_6' title="bbox 254 4255 1523 4353">
     <span class='ocr_line' id='line_1_41' title="bbox 254 4255 1523 4353; baseline -0.006 -18"><span class='ocrx_word' id='word_1_360' title='bbox 254 4296 301 4335; x_wconf 81' lang='lat' dir='ltr'><em>m·</em></span> <span class='ocrx_word' id='word_1_361' title='bbox 322 4273 442 4333; x_wconf 85' lang='lat' dir='ltr'><em>Hieron.</em></span> <span class='ocrx_word' id='word_1_362' title='bbox 455 4274 546 4351; x_wconf 82' lang='lat' dir='ltr'><em>epil,</em></span> <span class='ocrx_word' id='word_1_363' title='bbox 563 4271 600 4331; x_wconf 84' lang='lat' dir='ltr'><em>ad</em></span> <span class='ocrx_word' id='word_1_364' title='bbox 615 4275 728 4349; x_wconf 81' lang='lat' dir='ltr'><em>Nepot.</em></span> <span class='ocrx_word' id='word_1_365' title='bbox 756 4271 845 4353; x_wconf 75' lang='lat' dir='ltr'><em>(pm.</em></span> <span class='ocrx_word' id='word_1_366' title='bbox 932 4267 966 4346; x_wconf 92' lang='lat' dir='ltr'><em>o)</em></span> <span class='ocrx_word' id='word_1_367' title='bbox 985 4267 1161 4348; x_wconf 75' lang='lat' dir='ltr'><em>Hieronym.</em></span> <span class='ocrx_word' id='word_1_368' title='bbox 1174 4255 1300 4343; x_wconf 65' lang='lat' dir='ltr'><em>epistt</em></span> <span class='ocrx_word' id='word_1_369' title='bbox 1313 4257 1349 4322; x_wconf 83' lang='lat' dir='ltr'><em>ad</em></span> <span class='ocrx_word' id='word_1_370' title='bbox 1361 4262 1523 4345; x_wconf 79' lang='lat' dir='ltr'><em>Nepotian-</em></span> 
     </span>
    </p>
   </div>
   <div class='ocr_carea' id='block_1_5' title="bbox 204 4353 1009 4440">
    <p class='ocr_par' dir='ltr' id='par_1_7' title="bbox 204 4353 1009 4445">
     <span class='ocr_line' id='line_1_42' title="bbox 204 4353 1009 4440; baseline -0.017 -9"><span class='ocrx_word' id='word_1_371' title='bbox 204 4364 248 4431; x_wconf 71' lang='lat' dir='ltr'><em>t.</em></span> <span class='ocrx_word' id='word_1_372' title='bbox 262 4355 754 4440; x_wconf 71' lang='lat' dir='ltr'><em>adit.assncof.-twci.titixiv.)</em></span> <span class='ocrx_word' id='word_1_373' title='bbox 887 4353 962 4420; x_wconf 83' lang='lat' dir='ltr'><em>ibici.</em></span> <span class='ocrx_word' id='word_1_374' title='bbox 975 4354 1009 4417; x_wconf 70' lang='lat' dir='ltr'><em>F.</em></span> 
     </span>
    </p>
   </div>
   <div class='ocr_carea' id='block_1_6' title="bbox 0 0 1740 4844">
    <p class='ocr_par' dir='ltr' id='par_1_8' title="bbox 0 0 1740 4844">
     <span class='ocr_line' id='line_1_43' title="bbox 0 0 1740 4844; baseline 0 0"><span class='ocrx_word' id='word_1_375' title='bbox 0 0 1740 4844; x_wconf 95' lang='lat' dir='ltr'><em> </em></span> 
     </span>
    </p>
   </div>
  </div>
 </body>
</html>
