3480 4836
374 314 417 360 nt
444 308 633 384 otrentum
657 308 742 357 utut
760 306 892 357 eternus
912 309 957 357 itt
976 308 1134 375 utentis,
1166 291 1246 370 tte}
1388 303 1457 384 417

1091 401 1460 425 m

143 444 303 524 tonsurae
324 444 467 527 formn3
492 468 575 541 quae
594 445 630 517 in
646 442 802 545 figuram
824 446 1036 523 circularem
1056 444 1150 524 faita
1175 468 1270 540 erat,
1284 448 1455 528 ‘crinibus

139 549 303 645 paullum
319 545 366 621 de
382 549 520 620 vertice
533 546 662 643 capitis
679 543 843 643 resellis,
868 545 906 621 dt
921 548 958 620 in
971 545 1103 624 orbem
1122 548 1184 624 seu
1204 549 1380 625 circulum
1399 552 1453 626 in·

136 647 251 723 letius
280 647 502 721 cincinnatis.
556 652 640 720 Hoc
661 647 700 720 in
726 644 944 743 quibusdam
977 649 1142 725 conciliis
1165 648 1182 706 f
1205 651 1321 721 circuli
1339 673 1453 724 corona

137 746 290 839 dicitur,
316 749 354 822 dt
374 744 543 823 catholici
556 744 827 823 eutnadltibere
843 747 1033 839 iubentur,
1066 772 1106 825 vt
1121 748 1166 825 ab
1179 749 1358 826 haereticis
1379 747 1453 828 sele

135 845 379 948 distinguant,
406 847 471 944 qui
496 848 648 946 longam
671 871 818 923 comum
844 844 985 941 uluilie,
1012 868 1123 943 utque
1145 850 1240 927 adeo
1268 849 1452 928 contrutiu

134 947 397 1025 consuetudine
426 945 593 1023 deletian
624 946 694 1022 elie
725 945 906 1022 uidentur.
981 946 1055 1023 Sed
1079 973 1172 1025 vero
1190 974 1270 1026 non
1296 948 1451 1050 prorsus

135 1047 326 1149 persuasus
342 1049 437 1140 sum,
465 1048 559 1122 hanc
576 1050 738 1122 nominis
749 1068 968 1119 cornutorum-
982 1046 1054 1123 elle
1067 1052 1262 1127 rationem.
1313 1049 1451 1127 Datum

134 1148 205 1225 elle
222 1149 340 1248 potest
359 1149 500 1224 clericis
520 1152 726 1247 generatim
747 1171 793 1223 eit
815 1152 1018 1224 reuerentia
1039 1147 1200 1247 quadum
1221 1151 1259 1225 in
1281 1147 1450 1249 ipsorum

133 1248 297 1326 officium
318 1275 359 1325 uc
382 1249 624 1348 dignitatem,
651 1272 733 1346 quae
755 1250 881 1347 magni
906 1244 1050 1347 semper
1074 1249 1231 1329 honoris
1253 1248 1322 1326 fuit
1340 1273 1451 1350 atque

134 1351 418 1428 existimationis.
472 1349 573 1424 Nam
591 1375 705 1422 corona
726 1346 825 1423 sensu
839 1346 1005 1446 quodam
1019 1346 1180 1449 figurato
1200 1350 1389 1427 honorem
1406 1374 1449 1430 uc

133 1453 353 1551 dignitatem
375 1448 577 1550 fignificat,
604 1475 672 1527 nec
692 1452 811 1524 miuus
824 1448 1015 1546 probabile
1034 1448 1102 1532 est,
1127 1449 1202 1527 hoc
1217 1450 1450 1529 uocabulum

133 1546 271 1628 in'boc
285 1550 366 1626 culu
387 1552 435 1627 ita
452 1576 531 1626 nun
555 1573 755 1646 numquam
770 1545 872 1624 fuille
887 1546 1110 1643 adhibitum,
1129 1547 1451 1646 quemadmodum

133 1652 365 1729 obletuutum
381 1652 487 1728 nobis
507 1649 558 1726 est
578 1647 684 1748 supra
702 1648 741 1742 ff,
762 1648 826 1725 ubi
852 1648 899 1727 de
922 1646 1089 1726 formula
1113 1648 1289 1728 salutandi
1310 1647 1451 1752 episco-

133 1776 207 1854 pos
225 1776 286 1859 per
307 1780 455 1826 emotum
480 1751 591 1829 verba
612 1749 806 1925 fecimus.X
829 1850 894 1924 Ἧι

691 1852 723 1950 i
809 1851 834 1922 t
895 1904 909 1933 ·

282 1959 346 2033 An
365 1959 495 2033 clerici
517 1952 651 2054 vestitu
662 1952 732 2056 fito
750 1951 795 2029 ab
808 1957 920 2033 lituis
944 1951 1109 2055 distintli
1122 1955 1292 2056 fuerint.

234 2088 339 2164 Quot>
358 2062 404 2138 ad
428 2063 600 2161 genus&
623 2066 806 2137 rationem
827 2058 1128 2135 vestimentorum
1150 2065 1297 2155 attinet,
1321 2063 1369 2140 de
1388 2066 1447 2143 uli·

131 2188 226 2264 quot
253 2165 387 2240 liecuiis
412 2165 533 2237 minus
554 2182 695 2235 certum
719 2159 1007 2257 &exploratum
1026 2159 1200 2251 habetur,
1230 2162 1314 2237 heic
1335 2164 1447 2244 vllum

131 2270 237 2342 ulium
260 2262 531 2339 dist-nilionem
554 2262 648 2335 inter
668 2259 768 2361 ipsos
784 2258 821 2334 dt
843 2259 954 2335 laicos
968 2257 1221 2356 interceffille,
1248 2261 1313 2337 nist
1342 2263 1448 2361 quod

129 2369 199 2445 illis
222 2389 339 2464 maon
363 2365 417 2439 vti
431 2362 641 2452 debuerint,
665 2386 749 2461 quet
769 2357 933 2436 modeste
947 2356 1060 2437 ellent
1082 2360 1120 2437 dt
1142 2363 1254 2436 animi
1275 2365 1448 2464 grauitati

128 2493 171 2547 uc
193 2466 318 2546 officio
339 2463 504 2568 ipsorum
522 2461 819 2554 itt-commodata,
843 2459 889 2538 ad
909 2463 1050 2537 nullum
1071 2482 1212 2539 certum
1234 2465 1373 2541 cultum
1386 2465 1448 2544 vel

129 2571 284 2649 vellium
306 2566 468 2645 formam
491 2564 659 2641 adnutu.
714 2562 906 2638 Nonnulla
927 2564 1080 2637 concilia
1102 2562 1259 2640 clericos
1275 2565 1447 2647 vestitum

130 2672 305 2746 adbibere
332 2673 481 2755 iubent,
512 2664 575 2738 suo
608 2667 693 2739 vitte
725 2664 853 2761 generi
882 2664 1188 2750 conuenientem3
1220 2662 1282 2741 sed
1309 2668 1446 2748 nulium

130 2769 293 2846 formam
312 2770 549 2868 exprimunt,
574 2789 642 2839 nec
661 2765 765 2839 aliter
786 2788 870 2839 eum
893 2759 1113 2840 desctibunt.
1140 2787 1251 2860 quum
1272 2765 1376 2864 quod
1398 2767 1447 2847 ad

130 2869 312 2945 luxuriam
344 2869 402 2943 uel
427 2864 643 2942 udfelltttm
675 2864 893 2967 elegantiam
919 2889 996 2941 non
1014 2863 1206 2958 accedere,
1228 2864 1289 2943 sed
1321 2873 1447 2969 potius

129 2973 226 3049 inter
241 2992 412 3047 ornatum
430 2968 467 3042 ὃ(
485 2965 608 3042 sordes
622 2965 918 3042 mediumtenete
935 2962 1075 3043 debeat.
1126 2965 1217 3045 Hoc
1231 2991 1447 3050 utuuouu·

131 3097 218 3149 utvs
242 3081 485 3173 Nepotianum
511 3067 702 3158 monebit,
733 3069 829 3144 Voles
851 3068 971 3170 ptdlas,
998 3069 1194 3167 inquiens,
1223 3096 1310 3170 aque
1334 3072 1445 3147 deuito

129 3196 169 3249 ot
184 3174 345 3247 titttdidus.
395 3181 537 3247 ornatus
562 3164 602 3249 εἷ
627 3166 733 3256 sordes
758 3178 834 3271 pati
858 3169 948 3240 titudo
972 3165 1135 3270 fugiende
1157 3169 1268 3270 fintt;
1298 3183 1376 3272 quin
1399 3178 1444 3248 ai-

129 3298 236 3350 terum
258 3275 386 3346 deiicim
404 3278 541 3346 alterum
555 3276 695 3373 glorium
724 3271 849 3343 redolet.
911 3270 986 3345 Setl
1016 3294 1138 3347 tamen
1163 3275 1199 3344 in
1223 3270 1372 3349 diuerfis
1392 3278 1444 3353 lo·

130 3379 182 3452 tis
198 3376 349 3453 diuetiie
366 3378 500 3453 conlite
517 3379 664 3465 udines,
688 3395 865 3469 quantum
889 3370 933 3444 ud
954 3371 1119 3447 colorem
1140 3368 1444 3453 vestimentorum

128 3475 296 3579 ipsorum
315 3479 461 3572 attinet,
489 3474 660 3551 videntur
685 3468 890 3550 obtinuille.
942 3472 1046 3547 Nam
1076 3474 1332 3577 Constantinopoli
1354 3498 1443 3552 tem·

1350 3601 1446 3674 pore

170 3752 203 3830 f)
221 3751 416 3816 Cottt.'l'olct
434 3753 590 3813 luem
620 3752 705 3825 (tuin
729 3755 764 3812 V.
807 3749 910 3826 cattinis
933 3749 1014 3827 apice
1036 3747 1185 3808 modicum
1217 3750 1357 3808 circulum
1378 3765 1442 3814 ton·

129 3838 335 3918 condomio.)
348 3841 459 3899 Omnes
469 3838 573 3911 titini,
583 3838 626 3897 tul
637 3839 764 3908 leilutts,
808 3834 887 3894 dent.
930 3837 1011 3894 Ritus
1031 3834 1109 3892 enim
1127 3832 1176 3893 istc
1193 3834 1223 3893 in
1234 3838 1243 3894 l
1254 3832 1370 3913 lilinum
1385 3834 1444 3904 hue

130 3918 201 3982 ficut
216 3918 527 3984 lenitudine-nune.
547 3922 668 3983 tittuttl'o
682 3919 751 4002 supe
810 3918 896 3996 vlunt
916 3920 1116 3981 intutu-titutum
1135 3917 1200 3978 fuit.
1228 3937 1328 3980 cuturn

130 4006 750 4088 rinstotocapiteinin-imiimicnu-lin
851 4006 893 4084 ss')
942 4008 971 4066 ib
1000 4008 1036 4066 il.
1066 4006 1190 4083 catulli.
1228 4007 1246 4086 b
1280 4008 1315 4067 V.
1344 4007 1403 4072 tol.
1415 4009 1440 4072 1.

127 4107 229 4150 ronam
245 4094 429 4172 relinquunt:
452 4114 511 4155 nou
527 4092 575 4154 tin
587 4112 596 4155 t
610 4095 636 4154 h·
651 4115 665 4154 e
679 4105 763 4170 rique
807 4113 872 4170 litu.
888 4107 935 4164 ης.

127 4178 159 4236 in
177 4176 276 4236 Galliae
294 4179 421 4256 partibus
438 4189 488 4242 lut·
500 4181 752 4243 t·.·'.·:t.i·estiden
850 4194 884 4261 g)
909 4178 1124 4257 i·litt·ou.tp.ll.
1135 4175 1169 4238 nd
1182 4177 1332 4255 Nepotian
1350 4179 1440 4259 (pag.

117 4276 186 4336 ¹tut,
207 4261 256 4341 qui
272 4261 400 4338 proluit,
417 4281 447 4326 tt
460 4273 533 4344 lun,
544 4271 646 4344 comit,
653 4268 686 4330 itt
700 4265 762 4331 l'ulo
806 4286 848 4337 io.
862 4266 931 4328 edit.
945 4262 1075 4326 liuueuf.
1094 4263 1360 4340 MDCLXXXIV.)

227 4342 360 4443 ssingh.
371 4350 454 4430 Vol.
471 4357 516 4431 ll.
893 4347 1009 4452 Ggg
