3472 4844
325 348 329 357 '
384 363 677 427 oasanvartours
703 366 881 453 warnier
913 366 963 421 ru
990 366 1182 425 uncrtuiva
1203 368 1327 425 utera.
1443 362 1514 451 437

528 480 534 489 '
551 482 556 489 ¹
575 474 1520 505 ’Μ

198 522 300 604 mine
312 526 496 627 publicam
513 524 757 603 offenfionem
773 528 929 606 habente
938 530 1143 625 conuiiius,
1157 556 1311 609 munere
1326 532 1534 615 exuendae

197 622 349 733 altisque
366 630 488 727 poenia
502 626 743 711 eccleliasticia
762 626 985 705 adficiendus
998 651 1100 723 erat3
1132 630 1329 731 dequibus
1348 656 1424 709 tam
1443 636 1512 729 cri·

194 730 356 803 minibus
369 750 482 825 quam
503 730 623 825 poenis
637 729 674 801 in
694 726 809 803 tribus
831 727 1127 827 antecedentibus
1149 732 1256 807 buius
1284 732 1366 807 libri
1387 734 1516 831 capiti·

194 823 268 905 bus·
279 826 462 927 sigillatim
481 825 725 922 exposuimus.
778 828 865 903 l=loc
879 828 1060 927 generalis
1074 834 1242 905 omnium
1256 830 1430 906 consesliu
1447 832 1514 925 est,

196 930 335 1003 veteris
356 922 515 1002 ecclesiae
541 926 701 1023 gloriam
729 922 834 1001 fuisse
853 924 964 1025 ipstua'
986 926 1240 1027 disciplinam3
1274 932 1513 1029 &generalis

197 1028 369 1101 omnium
385 1020 433 1099 de
449 1024 638 1123 proesentis
653 1020 810 1099 ecclesia:
822 1028 1022 1103 calamitate
1041 1030 1271 1123 querimonia
1290 1028 1356 1121 est,
1371 1052 1418 1105 ert
1432 1037 1525 1119 nott·

197 1146 374 1201 renouata
393 1146 463 1201 nec
486 1122 646 1197 restituta
658 1148 785 1199 vetere
804 1120 988 1223 disciplina
1007 1150 1208 1227 corruptos
1226 1152 1269 1203 ac
1288 1126 1512 1227 deprauatos

195 1248 323 1301 mores
335 1220 551 1301 redundare.
602 1222 641 1295 Si
659 1220 747 1319 quid
761 1225 875 1321 igitur
893 1226 974 1301 veri
985 1228 1024 1299 in
1043 1226 1216 1301 omnibus
1232 1226 1330 1304 hisce
1345 1227 1512 1305 obserua-

197 1322 362 1401 tionibus
381 1328 586 1421 reperitur,
611 1318 650 1393 icl
670 1324 842 1399 omnibus
858 1322 941 1411 illis,
966 1327 1030 1421 qui
1056 1324 1101 1399 ad
1122 1326 1367 1425 gubernacula
1385 1326 1513 1405 sedent

197 1422 377 1517 ecclefiae‚
401 1418 618 1497 valtdtlstmo
636 1444 858 1518 argumento
874 1420 944 1497 eise
968 1446 1140 1523 oportet,
1166 1448 1208 1501 vt
1228 1426 1372 1502 summo
1391 1424 1511 1503 studio

197 1548 246 1601 eo
262 1520 508 1615 contendant,
532 1542 574 1595 vt
588 1515 796 1617 disciplina,
808 1521 873 1593 vbi
887 1524 1045 1615 vacillat,
1069 1524 1115 1599 ad
1131 1526 1324 1599 minimum
1339 1528 1435 1601 inter
1442 1526 1512 1605 cle·

196 1624 297 1701 ricoa
311 1619 470 1699 restituta
486 1618 770 1709 constabiliatur3
804 1642 845 1695 vt
864 1645 911 1697 ne
933 1622 1074 1719 publica
1093 1622 1223 1699 deliila
1237 1626 1276 1698 in
1292 1627 1333 1701 iit
1351 1626 1510 1702 toleren-

197 1744 277 1815 tur,
299 1744 462 1819 quorum
485 1721 558 1794 vita
579 1744 620 1793 ac
635 1744 785 1795 morum
810 1724 905 1796 ratio
924 1724 1001 1797 aliis
1020 1724 1082 1797 lux
1106 1724 1144 1797 dt
1158 1724 1233 1797 dux
1254 1722 1325 1801 csse
1338 1724 1510 1811 debebat.

197 1824 296 1899 Sicut
317 1820 409 1895 nihil
427 1818 502 1911 etl,
532 1818 635 1917 quod
658 1821 814 1894 liberum
838 1820 944 1897 huius
966 1822 1165 1921 disciplinae
1191 1827 1405 1899 exercitium
1425 1822 1511 1900 heic

197 1922 394 2017 impediat,
417 1922 466 1996 ita
480 1946 558 1995 non
573 1918 637 1995 nili
650 1942 800 2015 arquum
814 1920 853 1997 dt
865 1919 993 1995 iustum
1009 1920 1077 2005 est,
1102 1926 1228 1997 vteius
1244 1924 1455 2023 exemplum
1469 1924 1510 1999 in

197 2020 284 2121 ipsis
300 2024 485 2105 statuarum
513 2042 591 2095 tum
606 2018 656 2095 ob
671 2022 800 2095 multas
814 2020 898 2095 alias
910 2018 1056 2109 caussae,
1071 2042 1149 2097 rum
1162 2028 1322 2101 maxime
1339 2026 1389 2101 ob
1402 2023 1512 2113 hatte,

198 2146 241 2197 vt
255 2126 330 2195 laici
345 2144 390 2195 ne
403 2116 626 2212 ex-stiment,
652 2116 688 2193 se
703 2119 767 2190 vlli
781 2116 979 2215 disciplinae
994 2118 1147 2211 subelle,
1172 2144 1283 2215 quarn
1303 2122 1369 2219 ipst
1387 2120 1512 2195 clerici
1568 2181 1576 2199 .

198 2246 276 2299 non
293 2222 394 2317 prius
408 2243 491 2293 cum
506 2220 634 2293 maiori
657 2215 817 2293 censurae
830 2216 1069 2291 eecleslustlcae
1084 2214 1270 2295 seueritate
1284 2223 1378 2295 inter
1397 2218 1434 2295 se
1448 2242 1522 2295 ex·-

199 2316 402 2399 ercttlff'cnt.
477 2314 564 2391 Etst
583 2316 667 2391 vllae
680 2318 739 2391 vel
755 2318 894 2417 regular
912 2320 971 2391 vel
996 2320 1165 2415 exempla
1188 2318 1234 2391 ad
1253 2318 1327 2395 hoc
1353 2320 1518 2397 excitare

200 2418 367 2521 possunt,
394 2408 494 2493 c'crte
516 2418 713 2515 primitinae
739 2415 897 2491 ecclesiae
921 2416 1059 2515 regulae
1082 2442 1123 2491 ac
1152 2422 1322 2515 exempla
1350 2442 1514 2493 maxime

200 2523 368 2599 omnium
384 2536 602 2615 prouocant.
655 2515 805 2613 llegulae
819 2538 862 2589 ac
881 2510 1064 2613 disciplina
1083 2524 1159 2589 eius
1180 2520 1217 2589 in
1239 2518 1273 2591 se
1293 2516 1515 2595 excellentis·

201 2618 301 2697 siinae
316 2616 469 2693 eraut&
488 2613 734 2703 extcltlsnnae,
760 2616 797 2689 δι
818 2638 1014 2689 maximam
1034 2638 1175 2711 partem
1196 2616 1431 2693 eradicabile
1444 2612 1512 2711 obt

200 2720 452 2803 seruabantur,
479 2714 611 2819 quibua
623 2738 749 2791 earum
759 2716 931 2807 ,executio
947 2712 1266 2807 demandauerat.
1488 2711 1492 2717 ’

204 2929 346 3019 luliani
364 2926 543 3037 arnsdr'um
557 2931 601 3007 de
615 2928 863 3025 reformandis
876 2926 1137 3025 scientioribus
1147 2928 1350 3037 gentilibus
1366 2932 1421 3009 ad
1430 2936 1518 3033 pri-t

214 3100 219 3110 ·
259 3048 476 3123 mititturrmt
490 3044 705 3117 clericorum
721 3042 869 3146 tigrius
882 3066 1141 3145 nrgrtmenrum
1155 3040 1218 3142 est,
1231 3046 1285 3121 ad
1287 3042 1454 3147 studium
1503 3108 1506 3114 .

408 3150 566 3253 nostrum
580 3150 645 3227 linc
658 3170 818 3225 trintina
831 3145 1072 3229 eminandum
1086 3150 1314 3257 aptissimam.

318 3284 473 3339 rueris
499 3258 594 3334 hisce
607 3260 641 3331 in
659 3264 828 3359 primitia}
844 3260 924 3329 cleri
936 3260 1034 3358 leges
1048 3262 1086 3336 dt
1097 3254 1374 3339 consuetudines
1389 3258 1514 3339 obser·

206 3364 433 3449 rationibus,
488 3354 616 3459 ‘asentit
629 3368 691 3431 aui
701 3362 820 3431 clerum
835 3360 1009 3457 longiore
1026 3365 1195 3437 oratione
1207 3362 1431 3459 compellare
1443 3362 1511 3447 tui·¹

208 3460 429 3547 nusnecesle
449 3383 568 3535 gent.
621 3460 746 3533 Vnum
771 3481 882 3559 igitur
895 3458 1015 3535 adbuc
1027 3459 1249 3553 obseruabo,
1275 3460 1513 3559 quodlullm'

206 3564 442 3665 imperatoris
454 3560 644 3637 consilium
657 3558 859 3647 priscorum
878 3560 1097 3636 clericorum
1119 3559 1219 3659 leges
1239 3565 1334 3637 inter
1348 3556 1513 3635 sacerdo·

207 3689 265 3745 tte
280 3662 435 3766 gentiles
453 3658 499 3735 ad
521 3682 587 3737 eos
612 3658 872 3735 reformandos
893 3656 1171 3749 introducendi,
1196 3662 1248 3735 vti
1269 3681 1346 3735 turn
1361 3660 1513 3756 planum

207 3749 429 3857 excellentiae
443 3758 603 3859 iplnum
616 3757 863 3835 reslmoninnr
881 3758 964 3845 fuit,
990 3759 1037 3833 ita
1059 3756 1235 3833 idoneum
1253 3778 1514 3858 argumentum

207 3866 271 3961 stt,
295 3860 342 3941 ad
360 3860 546 3961 presentis
567 3860 654 3933 cleri
678 3860 797 3933 zelum
816 3856 1120 3957 prouocandum,
1143 3880 1184 3933 vt
1201 3882 1250 3936 eo
1271 3856 1454 3959 promtius
1470 3880 1515 3960 aq

210 3960 404 4070 gloriosius
420 3954 516 4059 ipsos
531 3962 729 4035 imite'ntur.
795 3964 868 4033 lam
882 3981 927 4033 ex
949 3979 1052 4053 parte
1075 3954 1322 4034 testimonium
1340 3982 1382 4037 ac
1400 3952 1514 4033 conli-

211 4070 301 4143 lium
326 4084 502 4141 tvatrut
528 4082 574 4135 ex
593 4062 670 4137 eius
697 4058 848 4157 epistola
866 4058 911 4133 ad
937 4056 1104 4154 Arsaniam
1133 4058 1357 4136 sacerdotem
1382 4062 1515 4133 Galatia

211 4170 457 4247 recitauimus:
482 4161 565 4236 heic
579 4181 700 4235 autem
714 4162 864 4251 ampliui
880 4157 1071 4257 quoddam
1083 4158 1515 4253 testimoniumexaliquo

214 4267 376 4372 epistole
401 4260 511 4366 ipius
529 4260 742 4364 fragmento
763 4258 1051 4463 subiunpppnpa,
1074 4284 1158 4361 quae
1177 4262 1274 4343 inter
1297 4258 1517 4457 opeta1p‘ppl:
