3472 4844
304 342 598 403 observationes
623 348 802 427 oyaxoffl
829 346 878 403 AD
902 342 1091 403 naemuvs
1111 343 1234 399 Dicta.
1341 344 1417 419 429

31 714 43 733 .
94 608 341 699 Obseruatio
359 638 529 726 quarta:
557 621 618 697 De
626 648 843 726 tttrrgnotrtm
858 620 1107 722 exemplorum
1115 622 1159 695 oi
1167 612 1414 722 acefficncittt·

324 752 384 827 tt,
406 729 452 807 Εἴ
473 734 517 807 de
542 732 685 837 senibus
706 752 897 835 perpetua
917 730 1172 837 obligationis.

252 861 390 913 virini
414 838 649 933 obseruatio,
675 864 786 939 quam
819 842 857 915 in
882 838 1100 941 praesentem
1126 834 1415 915 dissertationem

49 960 54 975 ·
92 937 257 1017 nostram
278 938 481 1016 faciendam
503 941 696 1033 duximus,
720 942 766 1017 ad
797 939 879 1019 illas
900 939 1058 1018 ecclefiee
1079 940 1214 1017 veteris
1237 938 1338 1037 leges
1361 956 1412 1011 at·

93 1042 205 1133 tinet,
227 1064 319 1135 quas
337 1040 548 1119 neceliarias
570 1040 641 1117 eise
664 1044 901 1141 &perpetuo
920 1042 1113 1141 obligare,
1138 1037 1328 1115 fatendum
1348 1032 1412 1113 est.

93 1138 318 1217 Cuiusmodi
331 1141 414 1216 sunt
429 1144 629 1241 pleraeque,
647 1168 738 1241 quas
758 1144 919 1220 secundo
932 1168 975 1218 ac
993 1145 1105 1218 tertio
1123 1140 1232 1215 huius
1251 1136 1335 1213 libri
1353 1161 1411 1211 ca·

27 1316 67 1339 ,
91 1244 171 1341 pite
198 1240 468 1338 recensuimus,
501 1242 548 1319 de
575 1246 649 1319 vita
673 1246 710 1319 or
731 1242 862 1321 officiis
886 1246 1109 1319 clericorum
1138 1238 1412 1341 praecipientes.

93 1342 242 1445 Quibus
268 1345 439 1418 omnium
459 1342 689 1420 ecclesiarum
713 1346 835 1419 clerici
855 1365 1041 1445 perpetuo
1063 1362 1259 1431 tenentur,
1291 1360 1409 1435 quum

91 1442 241 1519 illarum
264 1444 390 1545 legum
410 1448 561 1522 materia
587 1445 759 1522 absolutae
779 1446 818 1522 du
837 1446 1070 1544 sempiternae
1089 1440 1131 1517 lit
1157 1440 1412 1535 obligationis,

92 1568 162 1619 nec
187 1543 303 1620 vllum
326 1568 503 1644 vmquam
530 1546 576 1621 ab
603 1570 730 1623 earum
762 1547 940 1643 obsequio
972 1547 1176 1619 immunem
1203 1538 1273 1615 elie
1307 1538 1409 1615 linat.

91 1646 273 1721 Veterum
291 1648 406 1745 igitur
423 1650 545 1745 praxis
561 1651 600 1721 in
624 1646 899 1723 conformando
923 1644 998 1723 sese
1016 1644 1063 1719 ad
1084 1638 1288 1719 istiusmodi
1306 1640 1410 1739 leges

92 1748 266 1823 continua
295 1744 525 1839 admonitio,
561 1747 803 1848 ipsorumque
830 1750 1043 1847 exemplum
1071 1746 1166 1821 aeris
1187 1742 1411 1817 clericorum

91 1850 262 1925 omnium
281 1868 429 1924 attatum
448 1850 604 1927 imitatio
619 1847 741 1926 sutura
757 1852 815 1927 eil.
868 1849 973 1924 Nihil
986 1844 1049 1937 est,
1061 1843 1167 1943 quod
1180 1847 1327 1920 animos
1339 1864 1411 1917 rto·

90 1948 187 2025 siros
208 1951 428 2047 plerumque
446 1974 565 2053 magis
586 1972 737 2029 moueat
760 1976 871 2049 atque
890 1948 1053 2041 adficiat,
1079 1970 1191 2045 qnam
1213 1968 1348 2045 magna
1369 1940 1410 2025 &

90 2050 227 2125 nobilia
251 2049 409 2125 aliorum
431 2054 613 2151 exempla.
663 2052 759 2126 Haec
784 2053 887 2127 simul
915 2050 1074 2125 iueunde
1093 2048 1280 2123 instituunt
1304 2040 1410 2127 &ad

90 2150 293 2245 explendas
307 2148 419 2225 officii
439 2148 553 2225 nostri
572 2174 696 2247 partes
714 2174 889 2249 potenter
903 2174 973 2225 nos
991 2152 1160 2223 excitant.
1212 2146 1308 2219 llaec
1326 2138 1409 2219 iieri

90 2248 196 2350 posse
222 2248 444 2341 ostendunt,
479 2270 521 2324 vt
549 2252 622 2326 illae
650 2254 788 2355 regulae
813 2250 1077 2338 obstruantur,
1111 2248 1255 2345 quippe
1274 2266 1364 2343 quas
1385 2266 1409 2321 a

90 2352 332 2443 mortalibus,
360 2349 492 2428 iisdem
520 2353 652 2447 quibus
675 2378 745 2432 nos
759 2350 1027 2430 adsertionibus
1041 2349 1234 2439 obnoxiis,
1251 2349 1323 2421 iam
1344 2342 1408 2421 ob·

89 2450 247 2529 seruatas
268 2452 452 2529 exhibent.
506 2454 603 2529 Haec
622 2456 732 2529 animi
750 2456 862 2531 nollri
881 2452 1176 2553 magnitudinem
1187 2446 1308 2525 sardia
1321 2464 1414 2545 qua*

90 2552 179 2629 dam
199 2556 424 2655 contagione
443 2552 672 2630 inflammare
692 2556 731 2631 dr
751 2580 823 2631 nos
849 2554 896 2631 ad
921 2553 1062 2631 nobiles
1082 2550 1265 2639 astion-es,
1296 2570 1409 2623 tamu-¹

90 2654 266 2731 lationem
290 2652 451 2729 nostram
476 2656 739 2753 prouocando,
768 2654 935 2733 suscitare
958 2652 1117 2755 possunt.
1167 2652 1260 2727 Haec
1287 2646 1409 2747 inopi

90 2776 219 2833 nantes
235 2779 307 2831 nos
328 2757 366 2829 in
380 2752 612 2833 laudabilium
627 2781 787 2857 operum
806 2758 1044 2847 exercitium,
1068 2750 1208 2829 nostras
1226 2776 1246 2829 a
1265 2770 1409 2851 propo·

90 2856 164 2935 litis
185 2856 293 2932 nobis
312 2858 492 2957 exemplis
512 2857 763 2935 aberrationes
791 2856 1058 2955 exprobrando
1079 2876 1189 2953 atque
1207 2850 1413 2951 reprobem·

90 2956 230 3047 dendo,
244 2954 442 3037 deducunt.
494 2956 587 3033 llaec
606 2958 815 3037 modestiam
837 2956 1001 3035 nostram
1017 2952 1192 3031 adficiunt
1221 2954 1258 3031 dt
1286 2954 1326 3025 in
1346 2972 1409 3027 ze·

90 3058 168 3155 lum
189 3080 422 3139 conuertunt.
472 3058 569 3135 Haec
590 3058 751 3137 diuersas
777 3058 921 3138 nostras
949 3056 1235 3153 necessariasque
1259 3050 1408 3145 adsedi·

90 3182 185 3239 ones
203 3182 464 3249 commouent,
488 3186 633 3259 nosque
650 3161 696 3237 ad
719 3162 1019 3265 agendum'opus
1033 3158 1212 3249 nostrum,
1229 3156 1296 3231 lias
1309 3156 1409 3229 inno

90 3282 146 3341 tas
175 3260 284 3341 nobis
315 3263 557 3338 aemulationis
591 3260 756 3343 scintillas
785 3265 825 3341 dt
853 3261 956 3339 insita
981 3260 1150 3339 sollertiae
1175 3258 1410 3333 incitamenta

91 3363 309 3453 excitando,
331 3362 514 3463 instigant.
564 3362 712 3465 Qiare,
741 3390 857 3463 quum
883 3365 943 3440 alii
967 3362 1074 3441 editis
1094 3364 1132 3436 in
1153 3360 1271 3437 lucem
1291 3356 1409 3455 publi·

92 3488 173 3543 tam
192 3462 241 3541 de
256 3460 383 3541 officio
406 3468 444 3540 ὅ(
464 3490 551 3541 cura
576 3466 747 3565 pastorali
773 3466 975 3566 perspicuis
998 3462 1136 3565 regulis
1161 3462 1199 3537 dt
1219 3456 1408 3535 institutio·

92 3566 201 3643 nibus
223 3564 381 3641 eccleliae
396 3592 473 3643 non
488 3568 654 3645 inutilem
676 3592 834 3669 operam
853 3566 1121 3669 praestiterunt,
1141 3588 1217 3663 ego
1239 3582 1410 3639 veterum

91 3667 262 3765 exempla
278 3665 444 3763 ipsorum
466 3672 604 3767 regulis
618 3668 842 3769 addidiquo
855 3694 902 3745 eo
916 3668 1047 3747 melius
1060 3690 1133 3745 nos
1149 3666 1412 3759 excitaremur
1536 3684 1547 3701 ’

91 3770 257 3871 ipsorum
274 3764 437 3869 vestigiis
459 3768 677 3865 inlislamus,
699 3796 783 3869 quoe
797 3768 1065 3871 aptissimorum
1085 3766 1132 3843 ad
1150 3760 1412 3841 instituendum

92 3868 485 3967 commonendumque
518 3878 779 3973 exemplortun
811 3870 995 3951 beneficio
1026 3870 1165 3971 signata
1195 3866 1304 3943 nobis
1327 3862 1411 3941 sunt

93 3994 202 4071 atque
224 3968 400 4073 expressa.
453 3969 570 4071 Qris,
596 3974 740 4073 qualo,
768 3978 939 4051 eximiam
968 3972 1073 4047 illam
1087 3964 1339 4045 defensionem
1367 3990 1412 4043 ae

92 4074 383 4172 responsionem,
399 4096 471 4169 qua
483 4072 653 4151 adrianus
671 4078 885 4173 praelee‘ium
901 4068 1211 4149 ili-inmmvsuseli
1221 4068 1414 4163 axsinvsb,

83 4174 220 4277 legere
247 4172 393 4275 potest,
426 4178 518 4274 quin
538 4180 702 4255 veritatis
728 4176 1052 4255 simili-occasione
1077 4170 1320 4249 defendendae
1342 4170 1410 4243 llu-

733 4279 898 4381 Hhha
1146 4350 1192 4377 Ι,
1268 4348 1271 4373 2
1341 4266 1414 4389 <¹32

94 4465 97 4473 ·
179 4432 216 4527 b)
239 4430 432 4505 viduati.
450 4440 539 4513 eut.
557 4443 628 4527 §.li
648 4462 715 4529 pag.
724 4462 774 4525 311·

831 4550 841 4603 Ι
