3472 4844
196 288 287 413 140Ι
339 328 569 386 oneravit
591 324 1022 378 rectratnathtnvu
1042 328 1122 380 nrt.¹
1146 332 1200 382 tv.
1225 316 1400 385 emm.

624 424 1516 451 man-u·—

199 478 504 582 etantdelignati.
582 473 757 575 Accedit,
783 476 887 577 quod
910 477 992 553 hac
1016 472 1217 553 commoda
1238 472 1325 554 esset
1347 470 1534 555 aduersu

200 584 414 687 gentilitatis
428 577 722 756 superstitionem
730 580 870 655 talione
885 575 1013 655 vtendi
1030 579 1142 654 ratio:
1177 601 1397 655 ivatauvs
1420 578 1524 655 enim

200 682 403 760 christianis
422 681 496 759 see
516 678 741 780 opponendi
757 678 877 757 studio
899 704 972 779 pro
1000 676 1251 756 sacerdotibus
1278 678 1348 757 suis
1367 680 1527 779 paganis

84 850 93 867 ,
201 784 317 863 limile
339 781 532 859 decretum
553 781 720 871 fecerat,
764 781 933 881 Arsacium
954 783 1084 853 Galatia
1105 778 1334 857 sacerdotem
1354 778 1530 857 cohorta-

202 907 280 978 tus,
306 905 379 977 „vt
394 908 414 960 a
427 880 641 961 sacerdotali
656 880 859 961 ministerio
878 902 1090 958 remoueret
1103 903 1139 975 a,
1166 884 1330 979 quicum
1342 878 1532 958 uxoribus

202 986 273 1086 „dt
289 983 413 1062 liberis
429 1007 470 1058 ac
492 980 637 1058 familiis
652 981 723 1063 iuis
745 981 791 1058 ad
813 981 906 1059 deos
929 1007 1006 1059 non
1031 980 1267 1076 accederent,
1295 981 1438 1059 sedant
1459 979 1531 1058 sen·

205 1110 326 1183 „vos,
350 1107 412 1162 aut
425 1081 522 1160 filios
535 1106 596 1160 aut
615 1084 794 1182 coniuges
810 1086 951 1155 Galiba:
967 1081 1199 1180 sustinerent,
1225 1085 1289 1184 qui
1301 1083 1341 1161 ἃ
1357 1083 1468 1183 impii
1481 1080 1529 1159 es·

204 1185 312 1285 „sent
328 1208 418 1286 erga
443 1184 555 1279 deos,
578 1184 617 1259 dt
639 1185 866 1283 impietatem
885 1183 1064 1279 religioni
1092 1207 1405 1283 praeponerem„
1470 1186 1527 1259 ln·.

205 1311 301 1390 gens
312 1310 412 1363 certe
439 1311 486 1360 ne
517 1286 668 1386 ligentia
688 1306 798 1383 atque
817 1282 1068 1384 imprudentia
1087 1287 1125 1359 in
1142 1284 1300 1363 ecclestae
1322 1281 1530 1363 eluistianae

206 1388 414 1466 restotibus
435 1384 486 1463 fui
516 1407 571 1477 et,
596 1383 715 1461 finon
730 1384 901 1463 eamdem
919 1386 957 1459 in
974 1383 1109 1462 tuenda
1122 1408 1209 1462 veta
1230 1387 1293 1465 reli
1325 1388 1416 1463 ione
1426 1384 1530 1463 adlu-

204 1486 359 1564 bullient
372 1485 674 1589 sollicimdinem,
695 1510 807 1581 quam
822 1487 883 1561 hic
899 1486 1076 1585 princeps
1090 1510 1257 1586 paganus
1268 1411 1324 1565 ad
1334 1484 1465 1564 fallam
1475 1510 1531 1563 re-

207 1591 388 1691 ligionem
409 1591 503 1665 inter
531 1586 720 1663 idolorum
744 1587 911 1663 flamines
933 1588 972 1660 in
996 1610 1076 1663 tuto
1100 1587 1357 1665 collocandam
1384 1590 1528 1687 impen-

207 1690 277 1768 dit:
304 1689 472 1788 adeoque
495 1686 632 1766 etiamst
654 1687 745 1760 nihil
768 1688 833 1762 nist
855 1685 1025 1783 quaedam
1039 1680 1224 1765 aemulatio
1245 1690 1374 1765 bacin
1396 1713 1443 1768 re
1456 1686 1527 1789 fue·

209 1794 275 1877 rit,
301 1792 369 1864 fuit
383 1811 505 1865 tamen
519 1789 779 1882 idonearatio,
806 1813 872 1864 cur
886 1788 962 1863 hoc
975 1786 1152 1871 omnibus
1164 1786 1349 1868 christiani
1360 1786 1530 1869 sacerdo·
1555 1790 1558 1795 ’

210 1892 251 1968 tii
265 1887 465 1966 candidatis
478 1892 746 1989 iniungeretur.

214 2146 336 2248 Quam
350 2153 539 2229 rationem
557 2151 720 2226 inierint
738 2043 885 2226 vegetes
902 2149 956 2225 ad
963 2148 1263 2249 praeuertendum
1274 2156 1531 2252 promotione}

734 2255 994 2341 Simoniacas

326 2411 458 2465 vuvu
485 2385 665 2485 superest,
692 2386 795 2484 quod
812 2385 874 2461 sub
892 2389 968 2463 hoc
982 2389 1102 2486 capite
1118 2414 1349 2483 memorem,
1373 2418 1532 2495 nempe,

210 2486 372 2567 honesto
387 2486 607 2587 &legitimo
625 2486 743 2562 modo
769 2485 814 2559 ad
829 2513 981 2563 munera
1000 2487 1060 2564 sua
1080 2490 1258 2589 prouehi,
1282 2518 1352 2568 nec
1367 2495 1532 2597 obliquis

212 2615 255 2667 ac
276 2588 422 2667 finisttt's
449 2574 586 2664 artibus
609 2585 807 2685 quamdam
841 2587 1116 2666 ordinationem
1146 2589 1209 2665 stbi
1231 2618 1441 2692 procurare
1469 2618 1533 2675 eos

211 2687 430 2793 oportuille.
480 2688 674 2781 Meritum,
692 2714 770 2764 non
784 2690 946 2789 largitio,
963 2690 1160 2769 adnotatus
1176 2717 1307 2770 eorum
1322 2694 1417 2789 ell'e,
1444 2697 1532 2777 &in

210 2792 383 2871 omnibus
403 2786 643 2881 eledlionibus
661 2793 767 2865 vnice
789 2789 943 2889 speclari
970 2791 1136 2870 debebat.
1192 2794 1235 2867 ln
1254 2797 1373 2875 tribus
1395 2794 1533 2899 priori·

210 2892 279 2971 bus
304 2892 462 2979 saeculis3
489 2891 550 2964 vbi
576 2915 728 2966 munera
754 2894 885 2987 exilia,
932 2893 1204 2993 persecutiones
1235 2921 1355 2973 autem
1381 2924 1445 2975 ma

212 3014 335 3086 erant,
360 2992 407 3066 ab
428 2989 628 3067 ambitiosis
647 2993 805 3091 ingeniis
826 2988 926 3066 haud
948 2994 1104 3069 multum
1125 2992 1279 3091 periculi
1294 2922 1557 3109 extimeffi,

212 3091 322 3179 dum,
349 3116 418 3167 nec
436 3116 570 3193 magna
586 3089 757 3167 aduersus
771 3094 1032 3190 promotiones
1057 3089 1250 3173 Sidoniam
1266 3096 1415 3179 ferendi
1424 3098 1533 3206 ¹legas
1548 3096 1552 3101 ’

210 3191 394 3271 neceffitas
417 3213 503 3267 erat.
578 3193 689 3265 Tunt'
703 3193 802 3267 enim
832 3196 1052 3294 martyrium
1076 3196 1177 3293 quafi
1197 3220 1258 3275 res
1279 3224 1426 3281 annexa

211 3292 460 3395 episcopatui3
487 3292 525 3367 dt
541 3292 699 3367 ecelefiae
717 3291 894 3369 doctores
912 3320 951 3368 at·
968 3295 1165 3390 restores,
1180 3319 1220 3374 vt
1235 3292 1442 3399 plurimum
1454 3328 1532 3405 prr·

209 3395 263 3473 mi
283 3418 412 3485 erant,
445 3418 542 3492 quos
563 3392 711 3492 petebat
741 3397 1060 3497 oppugnabatque
1089 3398 1386 3479 aduersariorum
1407 3404 1533 3487 furor.

208 3502 262 3576 At
275 3500 313 3574 in
329 3494 593 3599 posterioribus
614 3494 747 3572 faculis
770 3496 925 3574 ambitio
946 3499 1236 3602 largitionesque
1260 3504 1359 3581 inter
1382 3506 1454 3585 alia
1477 3498 1533 3585 vi·

206 3606 257 3678 tia
281 3598 548 3676 inualescebant
572 3599 610 3676 dt
631 3621 717 3674 tunc
742 3597 878 3675 seuerae
898 3601 1002 3699 leges
1028 3624 1103 3678 tam
1129 3606 1168 3677 in
1195 3602 1368 3701 ecclefia,
1413 3632 1534 3709 quam

204 3702 392 3803 republica
422 3699 468 3779 ad
502 3702 655 3776 crimina
682 3699 744 3776 ista
775 3701 1011 3799 reprimenda
1038 3728 1080 3778 ac
1114 3704 1372 3802 praeuertenda
1397 3710 1535 3789 consti·

206 3804 410 3884 tuebantur.
468 3826 702 3881 svuetctvs
728 3824 925 3881 savanvs
950 3803 1061 3879 huius
1081 3801 1302 3885 differentiae
1322 3808 1422 3891 inter
1439 3834 1534 3891 tem·

1435 3922 1535 4014 pora

217 4194 224 4205 Ι
248 4108 281 4184 a)
302 4110 406 4167 lulian.
416 4130 460 4187 cp.
473 4114 508 4173 ad
523 4114 617 4176 Arsac.
628 4140 664 4196 ap
683 4119 839 4178 Sozomcn.
884 4118 962 4179 ailad
983 4118 1111 4195 airinom-o
1136 4126 1184 4178 tait
1207 4123 1307 4179 olenti·
1319 4161 1331 4194 ,
1358 4114 1482 4195 aldim,
1504 4118 1535 4189 d
1561 4130 1567 4145 '

203 4192 255 4257 lib.
269 4195 307 4253 V.
327 4195 442 4255 c.XVl.
473 4201 517 4259 τῖς
540 4200 667 4279 ιἰζειτυιξς
691 4210 841 4281 laetamine
883 4209 930 4263 ro't't
948 4211 1096 4275 palmata»
1119 4210 1267 4280 γιμιτὸι,
1301 4201 1458 4273 tt'rsfifl'mr
1480 4216 1533 4287 pb

202 4277 345 4357 ᾆπᾶασοι,
365 4280 439 4353 ὐμὸ
455 4286 644 4365 τςισέςχοιται
664 4287 737 4361 ptari
751 4314 840 4359 γυναι·
879 4297 913 4353 tir
930 4290 978 4355 eds
992 4290 1075 4369 dade,
1100 4293 1226 4363 ι’ἓιὸηΊι
1247 4282 1447 4367 “danastrin
1468 4320 1533 4381 rga·

200 4365 249 4427 nait
262 4364 311 4427 ul
322 4364 421 4429 “Ru
435 4369 484 4431 nd
501 4371 665 4455 &agundam
683 4385 737 4441 atis
751 4379 839 4457 aare,
878 4376 1023 4455 atpium.

207 4025 498 4049 m..
