3472 4844
119 304 1167 393 nectente.ruuvurrurnvt'rrsrscrvrnrcvronsss'tetmtvsl
1175 312 1366 403 sinuetur.
1381 341 1445 421 259
1494 335 1499 350 '

117 482 327 559 ministeriis
356 484 392 559 se
420 480 705 582 mancipassent,
746 481 855 582 supra
879 481 993 561 dicias
1019 484 1194 569 duntaxat
1225 493 1445 593 requisruit·

60 621 66 630 -
116 582 374 678 conditiones,
399 606 441 660 vt
463 582 634 663 videlicet
652 586 710 658 vel
736 584 774 658 in
802 586 928 661 locum
953 585 1057 664 suum
1075 582 1238 687 'aliquem
1260 595 1444 676 substitue·

110 706 218 783 rent,
242 686 302 762 vel
323 684 558 787 pollellrones
589 683 673 784 post
695 684 968 761 ordinationem
994 686 1093 765 suam
1116 695 1227 769 curiae
1256 696 1442 779 cederent.

112 784 232 863 Cuius
254 791 309 863 rei
330 789 375 863 ab
399 810 633 865 uusnosro
662 811 814 885 quoque
838 787 880 862 fit
899 792 1041 866 mentio
1066 795 1103 866 in
1125 794 1366 894 responsione
1392 800 1441 883 ad

108 891 353 986 Symmachum,
384 916 457 990 que
473 886 633 967 ostendit
649 887 677 981 f,
704 914 816 987 quam
831 890 957 987 inique
974 890 1012 967 dc
1033 892 1161 971 iniuste
1176 920 1248 993 pro
1271 900 1440 983 ethnico·

110 1014 196 1067 rum
205 992 436 1070 secerdotum
451 994 682 1067 immunitate
690 990 758 1065 hac
767 992 853 1065 inre
869 992 928 1066 ille
943 992 1332 1099 laboret,quumleges
1342 1003 1438 1082 chri·

106 1090 227 1170 ilianis
246 1096 387 1173 clericis
416 1120 496 1171 eam
519 1092 662 1169 nonnili
684 1091 888 1167 illiusmodi
911 1092 1187 1173 conditionibus
1208 1101 1435 1203 indulgeant.

106 1196 269 1269 Arcadius
288 1196 440 1296 quidem
464 1194 657 1295 instigante
682 1200 832 1294 Eutropio
859 1217 941 1268 ann.
961 1194 1238 1275 CCCXCVlll.
1259 1207 1435 1287 omnibus

105 1294 181 1372 istis
196 1298 339 1401 legibus
353 1294 778 1396 aeqtrilirmisabrogatis,
804 1295 960 1371 elericos
983 1297 1117 1375 seuerae
1137 1305 1329 1401 Corrsiammi
1343 1333 1432 1384 con·

105 1392 285 1477 stitutioui
304 1400 427 1475 rursus
446 1397 626 1495 subiecit,
666 1396 829 1473 iubendo
858 1421 950 1490 eos,
976 1401 1073 1495 quis
1105 1425 1152 1475 ex
1176 1406 1371 1485 curialibus
1391 1410 1432 1490 in

104 1500 252 1578 eeclesia
274 1500 436 1579 ordinati
457 1498 570 1577 essent
582 1555 593 1593 ‚
620 1498 780 1575 adhibita
803 1499 841 1574 vi
860 1498 906 1573 ad
928 1503 1065 1575 curiam
1085 1508 1271 1602 reuocari,
1295 1508 1432 1587 benefi·
1534 1517 1537 1523 '

102 1603 276 1701 ciumque
304 1603 435 1679 harum
459 1603 612 1702 legum,
646 1627 728 1701 quae
750 1598 923 1675 ordinem
944 1603 981 1674 in
1008 1601 1154 1679 eeclesia
1171 1604 1353 1705 suscipere
1373 1613 1428 1693 eis

100 1709 342 1798 permittunt,
375 1704 460 1804 ipsts
483 1703 681 1805 denegari,
708 1700 773 1776 nili
796 1725 909 1800 quem
935 1702 1109 1778 vicarium
1131 1704 1178 1781 de
1197 1706 1427 1792 facultatibus

98 1800 172 1880 suis
189 1804 460 1899 substituerent,
483 1808 545 1904 qui
562 1803 726 1904 ipsorum
747 1806 832 1879 loco
847 1828 999 1879 munera
1021 1804 1165 1903 publiea
1181 1808 1311 1887 obiret.
1351 1814 1427 1892 Sed

97 1902 162 1981 ista
178 1906 239 1982 lex
261 1934 340 1983 non
361 1907 424 1983 diu
445 1908 624 1985 obtinuit:
657 1903 860 2007 chrysostomo
882 1906 982 1982 enim
1007 1906 1159 2007 aliisque
1177 1913 1366 1990 nonnullis
1384 1916 1425 1995 in

99 2028 183 2083 eam
212 2008 301 2084 iuste
318 2009 652 2099 declamitantibus,
686 2008 852 2107 sequenti
871 2032 969 2082 anno
986 2030 1067 2083 eam
1089 2034 1189 2086 noua
1204 2013 1288 2113 lege
1303 2014 1423 2097 abole-

98 2107 179 2203 vit,
221 2111 325 2207 quah
357 2112 497 2187 clericis
525 2134 572 2186 ex
601 2112 792 2184 curialium
819 2108 989 2183 societate
1013 2111 1052 2181 in
1078 2110 1236 2186 ecclesrec
1264 2115 1423 2197 ministe-

96 2209 194 2285 rium
213 2209 355 2287 adscitis
374 2212 473 2288 idem
484 2212 736 2311 priuilegium,
748 2208 851 2307 quod
866 2207 928 2281 sub
943 2230 1096 2306 parente
1115 2211 1272 2307 Theodnfio
1288 2214 1423 2297 habue.

96 2332 199 2409 rant,
223 2314 416 2410 concelsrt,
442 2334 482 2389 vt
498 2314 697 2406 nimirum,
721 2313 887 2413 quiante
906 2305 1107 2387 secundum
1125 2312 1280 2413 llaeodossi
1295 2318 1421 2397 consu.

742 2516 745 2521 Ι
801 2410 922 2486 Kko
1284 2417 1419 2525 latum3

90 2538 1422 2572 ...-...--..--..-.-.--.....-..--.......,,,,

135 2602 343 2684 [οςῺλἬΙΙΙ.
376 2601 507 2663 Euidens
521 2618 666 2682 precepto
680 2621 733 2661 no·
776 2598 823 2660 his
836 2599 887 2678 qui
904 2595 1049 2663 adeecles.
1060 2598 1181 2683 confug.
1200 2602 1258 2685 leg.
1272 2604 1325 2666 Ill.
1350 2599 1418 2667 'De'

91 2684 442 2767 strotempusexprellirm
455 2688 503 2755 est,
513 2708 549 2746 ex
562 2706 620 2764 quo
632 2683 732 2747 consu·
776 2686 910 2745 curiones
923 2682 956 2744 δι
972 2704 1084 2757 omnes,
1100 2706 1174 2763 quos
1187 2685 1269 2748 solita
1281 2690 1317 2750 ad
1334 2690 1417 2752 debr

92 2772 163 2845 latu,
171 2772 190 2832 ss
198 2777 248 2853 qui
256 2774 292 2833 dc
303 2774 502 2833 curialibnsacl
510 2769 655 2831 scelestam
664 2791 732 2831 eon·
775 2785 839 2830 tum
850 2789 958 2829 ruimus
969 2769 1081 2831 funclio
1096 2786 1186 2843 uocat,
1203 2773 1304 2854 rigore
1317 2774 1348 2835 dc
1360 2774 1416 2838 sol·

91 2856 239 2942 sugillent,
255 2856 450 2919 omniscirent
462 2857 638 2939 patrimonio
648 2858 734 2917 eutiae
775 2855 857 2915 lettia
871 2854 1065 2915 iudicantium
1089 2856 1281 2934 adprisliuam
1297 2856 1415 2921 sortem·

93 2945 151 3007 effe
168 2944 342 3005 cedendum.
775 2942 856 3002 velut
878 2960 968 3000 mauu
988 2960 1059 3016 mox
1082 2942 1202 3015 inieda,
1222 2950 1413 3007 reuocentur²

135 3031 168 3113 e)
185 3032 253 3093 lbid
270 3032 327 3115 leg.
335 3032 415 3095 CIV.
432 3027 730 3107 Curiales,quiecele·
773 3025 889 3107 Quibus
897 3028 995 3109 legem
1009 3044 1139 3087 veterum
1154 3028 1283 3107 prodesse
1292 3051 1353 3091 non
1363 3052 1413 3112 pa·

91 3114 139 3181 stis
148 3119 261 3178 malunt
272 3114 377 3179 seruire
386 3138 473 3197 quam
486 3118 583 3188 curiis,
593 3110 614 3173 fi
625 3115 729 3174 solunt
772 3114 869 3185 timus,
879 3134 942 3192 qua·
950 3113 1072 3173 cessione
1080 3115 1249 3193 patrimonii
1257 3112 1413 3198 subsequu-

88 3204 144 3269 else
156 3205 236 3283 qnod
247 3203 390 3275 fimulant,
405 3216 594 3264 contemnant
606 3201 655 3260 illa
666 3220 729 3279 quae
772 3199 988 3271 ta,decurioues
1000 3199 1055 3259 elle
1065 3200 1184 3261 elericos
1192 3198 1254 3261 nbn
1264 3203 1388 3267 vetabat.

88 3290 278 3355 subtrahunt:
298 3284 747 3360 neeeuitneosalitetmisteou··
816 3285 852 3363 h)
879 3285 952 3345 Cod.
974 3284 1090 3345 Theod.
1108 3286 1159 3346 lib.
1173 3290 1235 3347 XII.
1258 3290 1302 3349 tit.
1317 3292 1339 3349 l.
1374 3290 1412 3355 de

91 3376 396 3453 temtispanimoniis,
410 3374 583 3433 liberamus:
611 3373 729 3451 Quippe
772 3371 1126 3453 decurion.leg.Cl.XlII.
1169 3373 1411 3450 Siquiexseeun·

87 3464 206 3527 animos
234 3464 334 3521 diuina
355 3456 556 3519 obseruatione
577 3458 729 3518 deuiustos
773 3456 889 3516 dodini
907 3458 994 3535 patris
1019 3456 1108 3517 nostri
1130 3455 1279 3520 cortsulatu
1299 3462 1410 3523 curium

89 3571 153 3616 uon
168 3549 250 3609 decet
264 3545 508 3629 patrimoniorum
523 3540 668 3604 desideriis
683 3560 731 3601 oe·
772 3543 991 3619 relinquentes,
1026 3542 1198 3603 clericorum
1218 3541 1245 3603 se
1262 3542 1409 3607 consortio

91 3637 203 3718 cupati.
774 3628 994 3705 rutneiparunt,
1014 3623 1034 3683 fi
1048 3627 1105 3687 iam
1119 3626 1262 3709 episcopi,
1285 3632 1330 3690 rel
1344 3652 1407 3711 pre.

133 3728 204 3807 Leg.
211 3722 302 3785 CXV.
345 3720 394 3784 Ad
407 3720 515 3781 curiam
529 3716 624 3778 elerici
643 3713 729 3793 petti-
774 3712 1062 3794 sbyterireldiucoui
1074 3712 1310 3788 ellemeruerunt,
1325 3716 1355 3775 in
1369 3714 1408 3780 sa·

90 3825 196 3875 nentes
209 3808 308 3882 l'ciaut,
325 3829 361 3868 ex
372 3806 550 3887 patrimonio
562 3800 628 3873 sun,
642 3797 662 3860 sr
677 3796 729 3879 ipst
772 3801 827 3862 cris
840 3798 959 3877 quidem
973 3797 1005 3859 de
1021 3795 1221 3859 secretioribus
1233 3801 1290 3860 Dei
1302 3802 1409 3884 myste·

89 3898 238 3959 immunes
249 3897 371 3975 cupiunt
385 3910 568 3973 permanere,
583 3890 655 3948 alios
667 3887 729 3946 ido·
773 3887 822 3946 riis
835 3882 1026 3963 perl'euereut,
1037 3882 1083 3942 sed
1102 3900 1151 3943 aut
1160 3880 1346 3947 substitutum
1353 3910 1407 3969 pro

85 4004 161 4047 neos
169 3986 221 4043 ell'e
230 3982 388 4047 faciendos.
397 3981 447 4058 qui
455 3976 653 4037 recedentium
661 3992 728 4051 pre·
772 3971 799 4033 se
813 3972 898 4033 curir·
911 3971 1014 4029 oll'erre
1028 3985 1184 4051 coquntur,
1211 3987 1261 4030 out
1275 3974 1354 4037 iuxta
1369 3978 1409 4037 le.

89 4070 212 4135 sentiam
232 4068 442 4151 personamque
460 4063 611 4125 restituant
629 4061 660 4120 iu
676 4079 727 4138 pu·
773 4078 840 4141 geru
862 4057 973 4117 dudum
988 4056 1077 4115 lutam
1090 4056 1203 4117 tradunt
1215 4059 1300 4118 curiu
1321 4060 1410 4125 facul.

88 4158 176 4221 blicis
189 4155 359 4219 inuueribus
369 4150 536 4213 subeundis.
772 4160 854 4207 tates.
897 4140 1009 4205 llelitlui
1021 4163 1122 4203 ornnes
1136 4143 1273 4219 lefilotes,
1296 4144 1410 4211 subdia.

136 4232 726 4321 l)Ambros.coutraSymmach.(tom.V.
773 4231 856 4302 coni,
879 4228 926 4291 rel
942 4229 973 4290 hi
990 4228 1096 4303 cleriei,
1116 4228 1223 4309 quibus
1238 4232 1410 4295 clericorum

89 4352 160 4415 opp.
172 4328 242 4389 edit.
250 4320 729 4403 (iolonlllDCXVl.p.97.9s.99.)
771 4316 926 4401 priuilegia
944 4336 1007 4376 uon
1028 4314 1187 4391 debentur,
1214 4314 1321 4381 debitis
1339 4338 1410 4389 mox

128 4416 165 4503 g)
186 4413 263 4483 Cod.
274 4411 391 4481 Theod.
402 4410 512 4479 liblll.
528 4410 574 4477 tit.
585 4409 674 4481 XLV.
694 4404 732 4472 de
772 4403 872 4489 patrie
882 4400 1055 4471 umeubus
1068 4400 1285 4485 praesententur.
