3480 4836
165 318 229 395 354
279 308 517 369 ortoruvu
542 276 996 363 aceresiaorrcau'uu
1032 302 1110 357 nra.
1134 300 1189 355 vt.
1220 298 1315 353 can·
1336 296 1410 353 atr.

173 406 856 437 W
1332 388 1488 415 utun*

174 484 249 551 rari
268 471 396 559 debeas,
419 466 630 541 cruditionem
649 460 776 561 faetidi,
797 488 848 541 ‚aa
860 458 1032 561 scientium
1052 456 1304 561 scripturorum.
1354 456 1403 531 Et
1418 454 1496 529 huc

178 571 329 673 quidem
351 592 410 645 res
433 568 555 643 omnis
575 562 738 639 redibat:
770 562 905 637 Clerici
934 564 1059 659 primo
1084 560 1173 633 ioco
1201 558 1383 633 debebant
1411 554 1496 629 seri·

209 673 300 747 turis
319 668 426 743 sacris
447 662 655 761 exquisitius
670 660 831 746 studere,
853 658 937 759 post
958 660 1024 737 has
1045 656 1246 735 canonibus
1271 654 1499 755 &probatis

178 698 421 871 deriptoribus
442 760 702 855 ecclesiastico,
725 782 840 863 prout
865 762 1022 859 quisque
1043 762 1103 835 vei
1129 759 1241 833 animi
1266 758 1417 833 dotibus
1439 776 1503 831 va·

184 872 290 965 leret,
307 870 367 943 vel
388 864 617 942 occasionem
639 862 787 937 haberet
804 884 913 955 atque
930 860 1275 959 opportunitatem
1301 881 1381 931 non
1401 854 1506 931 enim

186 970 322 1051 eodem
340 988 470 1043 omnes
490 962 646 1037 modulo
669 964 790 1035 metiti
814 960 961 1037 liceban
1027 959 1212 1033 Praererea
1237 980 1279 1031 vt
1302 954 1350 1029 ad
1375 954 1505 1029 huma·

186 1072 313 1149 niores
338 1067 473 1141 litteras
486 1061 674 1137 discendas
690 1085 766 1135 non
788 1060 940 1159 obligati
954 1082 1078 1147 erant,
1101 1060 1149 1133 ita
1170 1056 1214 1131 ab
1236 1056 1305 1133 iliis
1321 1080 1398 1131 non
1415 1078 1505 1153 pro·

186 1168 425 1249 hibebamur3
451 1162 512 1237 sed
534 1158 560 1235 fi
580 1184 651 1257 qua
670 1160 707 1235 in
722 1184 763 1235 re
777 1160 979 1257 theoiogiae
995 1154 1197 1233 christiane
1219 1155 1385 1232 famulari
1398 1150 1506 1255 poss'e

189 1268 445 1355 crederentur,
470 1286 539 1337 nec
562 1260 666 1355 quod
684 1260 735 1332 ilii
751 1258 965 1347 debebatur,
984 1256 1048 1333 fibi
1072 1258 1303 1355 vituperent,
1325 1280 1404 1329 non
1424 1276 1523 1355 mo·¹

190 1368 243 1443 do
262 1390 387 1443 earum
402 1360 560 1435 studium
584 1356 794 1458 permissum
815 1380 910 1447 erat,
943 1358 1004 1433 sed
1027 1358 1137 1433 etiam
1158 1359 1338 1431 maiorem
1359 1358 1398 1431 in
1424 1378 1508 1439 moa

190 1468 282 1543 dum
302 1460 635 1539 commendabatur.
686 1458 732 1534 Et
749 1478 847 1535 certe
867 1454 1055 1533 fatendum
1075 1454 1145 1547 est,
1167 1456 1269 1553 quod
1293 1458 1378 1531 iicet
1398 1454 1508 1531 saecu·

190 1568 277 1643 laris
292 1564 510 1641 eruditionis
528 1560 656 1635 abuius
672 1584 848 1657 magnum
868 1556 964 1655 saepe
981 1558 1244 1635 detrimentum
1263 1580 1362 1631 verae
1386 1554 1451 1633 reli
1482 1552 1507 1611 '-

192 1670 259 1743 oni
278 1664 454 1755 attulerit,
474 1682 597 1735 rumen
612 1660 703 1761 iilius
715 1656 815 1733 reste
835 1662 1057 1759 applicatum
1070 1656 1228 1733 studium
1246 1660 1380 1757 primis
1394 1580 1509 1735 eccdel·

195 1765 255 1842 fiae
281 1764 419 1841 saeculis
440 1764 475 1837 ei
492 1762 648 1835 multum
668 1757 861 1931 profuegit.
885 1858 921 1932 V

800 1888 816 1959 3
921 1913 932 1933 .

197 1972 200 1977 ’
285 1962 348 2042 De
372 1957 531 2065 ipsorum
543 1964 696 2063 pietate
713 1988 759 2039 ac
774 1964 965 2039 deuotione
983 1966 1024 2041 in
1039 1958 1199 2065 publicis
1223 1962 1277 2041 ad
1295 1962 1418 2043 Deum

728 2068 992 2179 accrffouibtts.

342 2206 392 2259 ua
425 2182 580 2281 priuatis
606 2204 738 2256 eorum
765 2178 892 2257 studiis
920 2178 1038 2257 statim
1059 2180 1327 2283 progredimur
1351 2180 1452 2283 ipsos
1471 2182 1512 2259 in

198 2284 320 2385 magis
342 2280 496 2367 publicis
516 2280 822 2454 occupationibus
841 2302 1027 2379 tamquam
1047 2305 1101 2382 po
1130 2284 1181 2359 uii
1194 2306 1365 2361 oratores
1382 2282 1429 2359 ad
1442 2286 1513 2361 De·

198 2408 264 2461 um
284 2380 407 2459 &Dei
421 2383 596 2481 legatota
637 2380 820 2479 populum
843 2380 1049 2479 suestaturi.
1099 2306 1278 2557 &forum
1302 2380 1517 2461 officiorum

200 2508 244 2559 ac
269 2480 456 2581 diguitatis
477 2482 611 2555 intuitu
632 2502 699 2555 eoa
718 2478 925 2557 commodo
943 2480 1044 2556 seniu
1066 2504 1126 2559 me
1153 2485 1289 2563 iatores
1318 2484 1440 2561 Deum
1460 2486 1516 2561 in·

200 2603 259 2658 ter
282 2582 320 2657 dt
341 2580 514 2655 homines
530 2576 602 2653 dici
626 2576 876 2677 consueuiii'e,
905 2580 977 2657 alio
1001 2582 1074 2655 iam
1098 2580 1221 2659 locor
1254 2582 1516 2663 demonstraui-

202 2702 297 2759 mus.
346 2682 390 2755 ln
413 2678 545 2777 quouis
566 2678 633 2755 suo
647 2676 692 2753 ad
713 2674 835 2755 Deum
848 2679 964 2769 aditu,
990 2704 1177 2777 tamquam
1192 2686 1324 2785 populi
1335 2708 1516 2771 oratores,

170 2816 173 2823 ·
204 2780 253 2857 ad
278 2776 317 2855 id
342 2804 416 2879 pto
448 2780 485 2855 se
510 2780 666 2877 quisque
691 2780 823 2855 acriter
847 2780 1085 2857 intendebant
1108 2786 1298 2877 animum,
1327 2808 1370 2863 vt
1391 2786 1518 2863 omnia

202 2902 359 2982 precum
379 2876 523 2955 suarum
545 2898 656 2973 atque
676 2880 874 2979 gratiartun
896 2878 1050 2959 astionis
1068 2880 1237 2961 sacrificia
1259 2888 1307 2961 ira
1326 2886 1448 2963 (inste
1466 2908 1518 2963 at*

205 3002 281 3075 que
306 2980 481 3053 decenter
509 2974 714 3065 offerrent,
746 2978 1062 3075 quemadmodum
1089 2982 1241 3063 astionis
1268 2984 1367 3063 istius
1388 2998 1519 3065 nature

205 3076 436 3191 requirebam
460 3078 534 3151 hoc
549 3074 619 3189 est,
643 3100 729 3151 cum
747 3079 852 3153 omni
870 3104 910 3155 ea
925 3082 1126 3180 grauitate,
1151 3088 1262 3161 animi
1274 3086 1519 3183 submiffione,

205 3196 435 3291 reuerentia,
460 3196 592 3249 mentis
619 3177 865 3275 applicatione
888 3180 928 3257 dt
948 3180 1159 3263 deuotionis
1179 3184 1314 3265 ardore
1334 3214 1378 3265 ae
1403 3194 1518 3267 inten-

206 3298 327 3363 ttone3
347 3298 432 3371 quta
447 3274 610 3389 &tantae
632 3276 939 3373 MAIES'i'ATi,
959 3282 1006 3357 ad
1028 3308 1140 3381 quam
1154 3286 1314 3383 adibant,
1334 3288 1519 3369 consenta-

208 3398 276 3453 nea
299 3376 336 3451 u
349 3372 404 3488 ¹ad
421 3372 629 3451 excitandas
650 3378 688 3451 in
709 3380 854 3553 populo
871 3406 1056 3483 congruae
1071 3388 1182 3461 animi
1196 3386 1424 3467 adfestiones
1440 3388 1520 3469 ido·

207 3502 279 3553 nea
300 3474 395 3553 esset.
458 3474 535 3549 Hic
557 3498 668 3553 verus
688 3476 748 3555 sen
765 3502 808 3555 us
828 3486 1084 3583 maximopere
1107 3488 1336 3566 controuerii
1358 3490 1457 3569 istius
1480 3492 1521 3569 in

208 3575 365 3654 secunda
381 3596 522 3651 rvsrrur
539 3598 719 3655 uterinis
739 3581 916 3683 apologia
934 3584 1009 3659 loci
1033 3582 1102 3677 est,
1128 3588 1190 3665 vbi
1205 3592 1342 3667 cultum
1360 3590 1522 3669 ecciefia·

208 3678 337 3753 sscum
361 3676 401 3751 ἃ
425 3677 609 3753 rationem
628 3678 835 3755 celebrandi
856 3682 1106 3759 eucharistiam
1125 3686 1349 3775 describens,
1374 3698 1523 3795 Audies,

209 3781 328 3877 inquit
342 3777 375 3874 b,
390 3772 452 3861 ὅση
471 3768 607 3873 δύιαμις
622 3780 724 3875 davd,
737 3802 893 3883 quautam
908 3806 971 3887 pro
983 3784 1142 3887 uirilisua
1150 3794 1259 3893 potest,
1272 3814 1380 3895 preces
1396 3803 1434 3873 :5
1443 3824 1525 3895 gra·

1397 3906 1525 3975 rnatum

253 4098 288 4175 a)
310 4096 374 4157 Lib.
386 4102 421 4159 tu
444 4102 590 4180 capxix.
611 4106 637 4185 5.
653 4102 732 4169 XVI·
752 4104 849 4181 νοῌ.
933 4098 1343 4193 b)1ustin.apol.11.'p.98.
1367 4118 1527 4203 o'oegetcde

214 4198 280 4263 pag.
294 4194 357 4265 288..
368 4192 426 4259 289.
641 4222 645 4230 ·
887 4196 968 4303 lupi:
984 4198 1138 4303 &faurbaud
1159 4202 1323 4283 dexterius,
1343 4202 1391 4273 ‘t'n
1416 4210 1526 4289 δύναμις

890 4306 982 4363 aurp,
1000 4306 1164 4359 uranum·
