3480 4836
200 313 258 408 136
326 326 546 382 unaarum
572 312 1103 407 acaia-siaaricaaviiaia.
1127 329 1178 383 iv.
1204 301 1382 383 eiiam.

204 418 1054 447 ....................-.------

1292 414 1499 443 a*

204 471 250 549 de
277 493 406 572 uagata
436 465 507 545 elle
537 467 801 557 credebantur,
843 486 885 540 vt
912 466 1100 541 vniiiersali
1133 489 1263 543 eorum
1294 464 1509 565 interposita

204 498 413 665 obliuione,
437 569 556 644 bomo
569 565 797 640 nihilosecius
814 562 858 638 ad
875 563 1148 641 ordinationem
1168 566 1416 664 recipiendam
1429 564 1508 640 iilo·

202 693 292 746 neus
309 666 403 744 esset.
455 668 508 742 lta
526 683 566 739 vt
587 689 663 741 non
680 685 838 753 tantum,
862 684 957 760 quae·
968 667 1049 761 quis
1064 665 1274 763 gentilitatis
1289 663 1508 762 superstitio·

202 769 241 843 ni
256 765 378 843 adbuc
391 761 556 839 addiCius
568 781 874 935 perpetrauerit,
907 759 968 838 sed
991 765 1029 836 in
1051 786 1135 860 quae
1156 765 1285 858 etiam,
1310 762 1399 838 dum
1416 778 1533 839 cate·-

88 872 100 893 '
204 866 406 941 chumenus
426 859 537 955 esset,
567 885 639 937 mci
666 881 762 954 erat,
795 863 832 933 in
850 860 1130 952 hoc'exainine,
1152 864 1214 937 vbi
1241 865 1277 935 in
1299 883 1425 938 mores
1447 882 1509 937 eo·

205 988 289 1041 ium
316 984 398 1038 ante
426 961 697 1037 ordinationem
726 960 1003 1055 inquirebatur,
1043 957 1350 1038 condonarentur.
1422 959 1509 1034 Hoc

202 1088 281 1140 non
295 1083 435 1137 tantum
455 1083 500 1136 ex
516 1060 560 1134 iis
574 1068 691 1158 patet,
718 1081 801 1153 quae
827 1081 910 1131 cuni
926 1061 1094 1156 Augustino
1115 1059 1192 1134 asia
1208 1058 1309 1155 sunt,
1332 1062 1434 1135 cuius
1456 1058 1510 1134 vi·

203 1164 251 1238 iia
266 1183 435 1256 tempore
451 1156 692 1234 ordinationis
709 1179 908 1253 numquam
923 1163 962 1231 ei
983 1157 1203 1255 exprobrata
1226 1157 1390 1253 fuerunt,
1425 1159 1509 1253 quia

204 1259 421 1360 baptismum
444 1259 519 1332 eius
538 1252 812 1346 antecess'erant5
842 1252 903 1328 sed
925 1257 1032 1329 etiam
1051 1276 1098 1331 eii
1121 1279 1261 1331 canone
1289 1259 1327 1330 in
1349 1256 1508 1331 concilio

205 1368 367 1456 Ainyrano
384 1354 502 1448 sasso,
529 1352 575 1428 de
591 1355 652 1445 iis,
677 1355 793 1450 quiin
813 1350 1055 1429 idololatriam
1069 1353 1229 1452 prolapsi
1245 1377 1364 1448 erant,
1392 1376 1509 1449 quum
1557 1432 1560 1437 ,

206 1455 447 1533 ellentsolum
463 1451 721 1528 catechumeni.
773 1452 940 1525 Sicenim
966 1449 1086 1531 dicits
1110 1476 1250 1527 canon:
1275 1461 1348 1542 Eos,
1365 1464 1509 1551 quiante

205 1554 390 1659 baptifiiiiim
399 1551 640 1650 sacrificarunt,
668 1544 706 1628 δ”
723 1551 821 1650 postca
842 1546 996 1648 baptizati
1005 1548 1104 1649 fiant,
1129 1551 1232 1649 uisum
1254 1553 1348 1648 estad
1362 1530 1507 1625 oratiam

199 1663 401 1758 prumentii,
424 1660 533 1820 ospiti
553 1650 652 1721 abluti
690 1670 758 1720 unt.
811 1650 949 1723 Verum
971 1648 1214 1746 quidem-est,
1242 1656 1348 1727 viiliis
1366 1673 1506 1726 tantum

204 1756 367 1828 criminis
385 1750 472 1823 sacri
502 1751 670 1844 cationis,
695 1749 775 1822 beic
796 1743 876 1820 lieri
902 1750 1152 1837 mentionem
1182 1771 1218 1824 at
1237 1772 1282 1823 ex
1306 1748 1433 1824 eadem
1454 1771 1508 1823 ta·
1535 1768 1541 1777 ·

205 1855 306 1928 tione
320 1849 393 1924 hoc
407 1846 452 1920 ad
467 1871 596 1922 caetera
610 1846 761 1920 crimina
773 1842 871 1919 istius
885 1842 990 1920 modi
1005 1848 1130 1922 omnia
1145 1845 1294 1922 extendi
1309 1847 1431 1926 debet:
1458 1869 1508 1924 ai·
1526 1926 1535 1942 ,

206 1974 279 2050 que
293 1947 386 2024 hanc
400 1944 698 2022 consuetudinem
719 1940 863 2140 eccl§esia
872 1943 1095 2115 {plerumque
1108 1942 1258 2042 sequuta
1272 1944 1331 2024 est.
1385 1958 1426 1983 “·
1498 1974 1501 1981 ·

234 2149 420 2251 Excepto,
444 2144 485 2249 fi
493 2146 586 2251 quid
600 2150 640 2222 iii
664 2139 737 2246 ipso
760 2170 881 2220 eorum
902 2141 1077 2245 baptismo
1103 2148 1237 2251 regulae
1259 2153 1382 2226 minas
1397 2174 1479 2228 coit.

358 2261 553 2333 venienter
565 2257 712 2354 fabium
729 2253 826 2353 efftt.
886 2254 938 2331 Et
955 2256 1053 2359 quod
1072 2258 1125 2333 ad
1137 2254 1355 2358 baptismum

658 2368 803 2436 attinet
826 2364 1052 2442 clinicorum.

316 2489 627 2545 vriiviirauru
658 2467 739 2542 heic
762 2465 884 2541 rursus
908 2464 1176 2545 obseruandum
1200 2469 1270 2565 esi,
1295 2471 1445 2572 quodsi
1466 2477 1506 2554 in

205 2568 286 2672 ipso
299 2569 445 2644 alicuius
459 2564 638 2666 baptismo
655 2563 791 2664 aliquid
806 2565 942 2665 regulae
961 2565 1118 2644 ecclefiae
1132 2574 1354 2648 contrarium
1367 2572 1507 2653 fusium

205 2669 310 2761 esset,
343 2666 525 2745 eiusmodi
545 2667 683 2742 crimen
702 2671 736 2740 ei
761 2663 905 2762 semper
925 2665 1111 2743 obiectum
1131 2667 1258 2766 fuerit,
1280 2693 1322 2749 vt
1343 2673 1387 2748 ab
1408 2674 1506 2751 ordi·
1546 2671 1552 2678 ’

204 2773 353 2849 natione
366 2766 637 2864 prohiberetur.
676 2768 751 2839 -lta
765 2762 952 2862 saepiffime
975 2766 1019 2844 iis
1039 2765 1186 2860 accidit,
1212 2771 1275 2865 qui
1288 2770 1506 2870 baptismum

206 2890 347 2947 tantuin
366 2869 567 2953 clinicorum,
600 2862 734 2938 morbo
759 2864 820 2938 vel
848 2864 913 2939 alia
931 2863 1131 2943 necellitare
1152 2891 1328 2966 vigente,
1359 2895 1505 2974 recepe·

203 2988 305 3055 rani,
334 2963 360 3037 fi
383 2963 600 3062 baptismum
620 2961 721 3035 suum
750 2959 892 3037 adram
915 2963 1158 3061 periculosum
1183 2965 1300 3061 usque
1321 2973 1505 3069 temporis

89 3136 94 3147 ,
204 3085 438 3159 momentum
456 3061 578 3137 secure
602 3058 833 3152 distulissent,
872 3062 910 3136 ἃ
930 3068 1104 3138 maturius
1129 3065 1325 3164 potuissem
1344 3069 1506 3169 admitti,

140 3198 151 3213 ν
204 3161 271 3238 nisi
301 3159 360 3234 sua
392 3161 556 3256 ipsorum
589 3159 694 3257 culpa
726 3157 976 3257 neglexissent.
1055 3161 1150 3237 Haec
1183 3165 1349 3264 baptismi
1379 3168 1504 3250 dilatio

206 3264 244 3336 in
271 3259 414 3358 magnis
435 3257 581 3354 semper
605 3257 815 3332 criminibus
843 3256 957 3355 posita
983 3257 1169 3358 dignaque
1197 3263 1319 3342 habita
1343 3266 1435 3363 fuit,
1466 3272 1516 3346 in·

207 3383 318 3462 quam
336 3379 448 3530 piena
476 3352 633 3452 quadam
664 3353 892 3430 ecclesiastica
908 3359 1264 3439 animaduerteretur.
1339 3367 1506 3465 Eamque

82 3544 86 3552 ¹
205 3463 255 3538 ob
269 3483 331 3533 cau
361 3480 421 3530 ain
435 3453 578 3530 ecclesia
593 3457 687 3530 inter
704 3455 769 3530 alia
784 3455 967 3551 remedia,
992 3459 1122 3556 quibus
1136 3459 1182 3536 ad
1203 3461 1296 3541 hanc
1317 3466 1506 3545 consuetu·

205 3560 330 3637 dinem
345 3551 617 3653 impediendam
635 3553 821 3652 viebaiur,
846 3580 932 3650 eos,
956 3562 1020 3654 qui
1033 3557 1132 3635 istius
1144 3565 1304 3640 criminis
1317 3568 1371 3642 rei
1382 3565 1505 3652 essent.

205 3649 496 3754 &sibimetipsis
525 3650 670 3736 fatalem
704 3655 748 3729 ba
776 3654 870 3732 tilmi
900 3657 1019 3732 clinici
1053 3656 1293 3738 necellliatem
1316 3664 1506 3760 imposuis·
1572 3696 1577 3707 ¹

205 3760 293 3846 sent,
318 3753 527 3856 puniendos
548 3750 618 3869 esse
640 3680 836 3842 (leniebat,
872 3753 1094 3854 denegando
1115 3757 1199 3853 ipsis
1223 3760 1505 3846 ordinationem.

205 3855 400 3932 Canonein
421 3857 519 3930 hunc
539 3854 578 3928 in
595 3849 708 3930 finem
724 3850 859 3929 fitium
880 3854 919 3928 iii
940 3854 1098 3929 concilio
1120 3854 1392 3958 Neo-cesaremfi
1402 3881 1421 3942 q
1443 3861 1505 3940 ha.

1355 3960 1519 4042 bemust·

204 4069 226 4085 ss
246 4108 283 4188 p)
311 4108 403 4168 Colit.
425 4111 535 4186 Ancyr.
570 4127 594 4167 e.
610 4113 672 4171 Xll.
710 4112 835 4190 (tomi.
875 4109 1442 4201 alavdzeiaegadqabai,Schoenida..

111 4203 125 4216 .
204 4190 337 4293 pum
378 4186 429 4294 Tp,
443 4193 493 4293 „3³
507 4193 836 4268 vssaaexalamroardv·
920 4195 955 4274 q)
975 4197 1251 4266 Cunchoeaesar.
1267 4210 1358 4281 allii.
1379 4209 1502 4293 (toml.

201 4277 279 4340 „lm
291 4298 335 4334 aiii
347 4294 420 4347 μετα
432 4297 529 4337 ,ταντα
546 4279 747 4367 §aasabim
760 4278 835 4356 'siaiu
876 4300 906 4362 Ρ.
912 4281 1001 4365 1483)
1008 4278 1069 4346 Ἐὖ
1081 4289 1156 4350 10931
1162 4312 1201 4361 Μ
1212 4294 1337 4377 φθϊθθῇ
1346 4297 1380 4362 tit
1390 4288 1504 4382 wis·
