3480 4836
204 322 275 414 '3⁶0
323 330 556 391 otietuvu
581 325 1026 407 nectastasrtcauvu
1051 334 1127 386 ιιι.
1158 335 1212 387 vt.
1247 338 1337 390 cat.
1363 338 1423 391 ιιι.

211 454 380 470 ..nnn—¹¹·-

209 502 455 594 eunadamque
470 496 716 595 perspicacem
734 512 844 588 arque
859 494 1071 567 innumeros
1088 495 1369 589 tutoquonerlits
1387 498 1519 574 oculos

207 601 460 680 circumferre:
488 601 628 693 quippe
645 595 707 691 qui
731 617 807 666 uon
825 591 888 664 libi
911 593 973 665 vui
988 616 1148 685 tantulus
1174 594 1234 669 sed
1250 595 1287 669 dt
1304 620 1406 673 tanto
1422 600 1522 674 uiuat

207 704 360 803 pupulo.
433 705 471 770 ln
496 696 700 769 cubiculum
727 691 875 788 aliquod
899 691 1072 766 inclusum
1097 697 1209 769 uitam
1227 719 1358 794 agere,
1387 696 1423 772 id
1445 701 1524 795 qui·

207 806 293 880 dent
313 798 486 875 monaehi
510 793 605 886 else,
635 795 758 891 vigilis
786 813 927 881 atatem,
950 794 1045 867 iuter
1064 795 1232 868 oninium
1258 796 1434 871 oulinurn
1461 800 1527 876 lto·

208 908 324 979 mines
356 897 616 977 obambularet
649 894 821 990 corporis
852 889 1007 982 Cluisti,
1035 892 1073 966 id
1106 893 1180 990 est,
1214 896 1372 971 ecclesia
1399 923 1526 975 curam

209 1027 351 1102 qerere,
367 1002 404 1075 ἃ
419 1021 497 1074 tum
515 994 667 1071 sanitatis
683 1014 760 1067 tum
776 991 1055 1090 pulchritudinis
1072 996 1148 1069 eius
1171 995 1305 1071 babere
1321 1000 1526 1091 rationem

208 1091 360 1181 sollicite
378 1095 643 1200 praecauenda,
668 1116 805 1188 nequa
827 1094 964 1166 macula
987 1094 1046 1168 vel
1073 1118 1164 1194 ruga
1187 1097 1247 1170 uel
1272 1097 1337 1172 alia
1361 1098 1527 1195 inquina-

211 1210 265 1282 tio
290 1207 443 1302 gratiam
457 1198 494 1272 δι
513 1192 823 1295 pulchritudinem
838 1194 917 1267 eius
939 1192 1134 1270 deformet.
1185 1196 1273 1272 Hoc
1301 1222 1400 1275 certe
1422 1199 1526 1299 spiri·

210 1306 324 1381 tuales
342 1298 508 1375 medicos
531 1297 714 1392 obligare,
740 1312 782 1367 vt
802 1290 1066 1370 medicamenta
1085 1292 1170 1379 sita,
1208 1296 1282 1372 hoc
1307 1296 1357 1374 est
1388 1299 1525 1377 desiri-

210 1429 276 1481 nas
296 1401 390 1487 suas,
413 1399 460 1472 ita
479 1395 692 1493 applicent,
722 1390 1038 1487 quemadmodum
1064 1417 1297 1494 aegrotorum
1318 1400 1444 1475 morbi
1470 1426 1525 1481 re·

212 1508 375 1604 quitaut3
400 1518 440 1572 vt
458 1496 549 1570 secio
567 1495 603 1568 dt
619 1491 831 1591 frequentet
850 1516 916 1567 eos
937 1492 1150 1571 adoriantur
1170 1522 1317 1573 errores
1333 1500 1371 1575 dr
1385 1504 1526 1594 vitia,a

213 1605 345 1703 quibus
369 1600 526 1673 maxime
550 1593 787 1669 metuendum
810 1591 854 1666 lit
874 1597 1107 1695 contagionis
1130 1600 1345 1695 periculum.
1398 1602 1525 1701 Atque

181 1739 184 1745 ·
212 1709 292 1781 baec
311 1704 405 1777 tatio
421 1697 490 1789 cst,
511 1719 576 1772 cur
597 1698 635 1768 in
652 1695 816 1769 'homiliis
840 1715 1008 1769 veterum
1034 1694 1127 1770 adeo
1149 1698 1364 1793 frequentes
1386 1705 1522 1779 inueni·

212 1828 315 1882 amns
336 1802 524 1877 sermones
550 1794 720 1871 aduersus
742 1792 944 1868 illiusmodi
966 1795 1147 1877 ltrcreses,
1181 1824 1270 1896 qum
1299 1827 1397 1877 nunc
1418 1827 1524 1882 mun·

213 1905 280 1982 dus
298 1899 448 2003 prorsus
467 1900 633 1996 ignotam
661 1892 865 1968 cuiusmodi
885 1892 966 1970 sunt
991 1904 1260 1971 dsiurianlrarunt
1279 1901 1315 1976 ἃ
1335 1906 1522 1975 Mitridat-

213 2035 308 2096 rura,
332 2004 561 2094 aliorumque
590 1995 769 2093 plurium,
792 2015 922 2070 contra
942 2020 1030 2092 quas
1051 2000 1123 2070 iant
1143 2002 1181 2073 in
1202 2003 1441 2079 concionibus
1462 2002 1524 2082 de·

213 2109 396 2183 clamitare
410 2099 525 2194 velle,
546 2094 742 2170 abstrdam
758 2095 863 2169 soret.
927 2095 1029 2171 Tum
1055 2100 1234 2175 autemid
1264 2100 1343 2177 fieri
1374 2128 1525 2203 oporte·

211 2211 293 2303 bat‘,
315 2206 397 2301 quia
420 2200 616 2300 praecipuae
639 2194 735 2270 illius
756 2196 869 2269 aetatis
884 2195 1037 2273 haereses
1059 2221 1180 2294 eraut,
1204 2200 1449 2301 hominesque
1468 2230 1523 2283 ea·

212 2334 298 2385 rum
312 2327 459 2380 veneno
482 2298 718 2393 liuntuopete
738 2295 1043 2393 periclitabantur.
1121 2300 1167 2375 lu
1188 2326 1306 2399 porro
1330 2304 1525 2383 obseruan-

214 2410 305 2483 dum
324 2404 391 2497 est,
413 2397 515 2495 quod
539 2394 694 2471 haereses
716 2419 793 2493 ptae
810 2397 961 2489 reliquis
994 2399 1166 2476 omnibus
1189 2399 1460 2500 formidabiles,
1481 2431 1524 2484 ac

212 2508 444 2584 dominantes
459 2496 655 2584 ludiones,
680 2498 796 2592 qualis
816 2502 1049 2588 eratslmuua,
1077 2498 1237 2575 saeculari
1267 2503 1350 2580 licet
1374 2529 1525 2585 armatae

211 2604 410 2710 potestate,
436 2599 721 2675 concionatores
746 2594 945 2672 catholicos
968 2622 1036 2673 nee
1059 2601 1096 2673 vi
1118 2623 1188 2675 vec
1211 2600 1394 2682 blanditiis
1416 2610 1459 2683 ad
1481 2606 1523 2684 st·

212 2710 366 2787 lentium
389 2701 559 2802 redigere
584 2699 790 2797 potuerint,
818 2718 858 2773 vt
886 2721 931 2774 ex
955 2699 1137 2775 eiusmodi
1163 2700 1290 2777 humili
1317 2706 1355 2781 dc
1385 2708 1523 2788 abiecta

211 2809 437 2910 indulgentia
450 2804 546 2900 lupis
563 2822 655 2876 oues
677 2796 856 2873 deuorare
877 2801 1143 2897 permitterent.
1193 2804 1236 2876 In
1260 2805 1321 2881 tali
1344 2812 1423 2885 calu
1445 2810 1523 2885 ttul-

211 2915 255 2987 lae
276 2906 400 2984 cattssoe
426 2905 594 2977 humanae
616 2898 799 2995 impedire
817 2921 881 2973 eos
904 2920 1095 2997 poterant,
1118 2928 1195 3000 quo
1220 2908 1360 3000 minus,
1382 2909 1408 2986 st
1430 2912 1522 3010 peri·

211 3011 333 3085 culum
356 3000 706 3090 animaduerterent,
735 2996 781 3073 de
800 3022 846 3074 eo
867 2998 950 3075 litos
964 3001 1216 3078 admonerent.
1266 3008 1360 3083 Non
1384 3011 1447 3085 alia
1466 3034 1522 3087 ra·

209 3114 312 3187 tione
326 3104 482 3205 vigilum
497 3102 533 3175 dt
550 3096 840 3197 dispensatorum
865 3100 1127 3201 mysteriorum
1148 3103 1220 3179 Dei
1236 3104 1360 3184 officio
1382 3108 1465 3189 satis
1482 3109 1521 3191 se

208 3212 330 3289 facere
350 3200 454 3306 posse
476 3199 742 3285 existimabant,
767 3225 882 3298 quum
909 3201 996 3278 illud
1018 3208 1225 3304 requiratur
1242 3206 1280 3282 in
1300 3207 1521 3311 dispensato·

207 3313 327 3399 ribus,
345 3330 391 3385 ·vt
413 3305 494 3401 quis
520 3299 614 3376 fidus
638 3302 851 3377 inueniatur.

207 3531 268 3608 De
287 3554 410 3607 tortam
422 3525 635 3630 fidelitate,
662 3525 923 3629 diligentiore
939 3526 1144 3626 [irridentia
1161 3532 1202 3605 in
1214 3534 1387 3632 priuatis
1404 3532 1517 3617 homi·

554 3664 640 3713 num
669 3631 903 3741 anapaestus
931 3665 975 3713 nc
1003 3636 1201 3743 codnqniis.

324 3772 378 3826 ar
404 3771 497 3825 vero
513 3744 725 3821 fidelitatem
734 3742 837 3818 suam
856 3768 932 3818 non
957 3765 1097 3821 tantum
1119 3745 1158 3821 in
1182 3748 1337 3847 publicis
1357 3752 1516 3838 declara·

205 3853 292 3929 bant
311 3849 560 3939 sermonibus,
584 3844 647 3921 sed
668 3845 705 3919 iu
728 3846 879 3943 priuatis
899 3847 1008 3921 etiam
1028 3848 1297 3947 congressibus,
1318 3856 1516 3954 colloquiis

206 3949 568 4049 &applicationibus
593 3945 662 4022 suis
684 3944 731 4019 ad
746 3946 930 4041 homines,
954 3948 1018 4044 qui
1039 3949 1097 4023 vel
1121 3948 1315 4026 haeresibus
1337 3978 1398 4030 aut
1428 3960 1518 4037 schi-

202 4052 373 4125 smatibus
402 4050 446 4123 ab
471 4045 627 4125 eccleliae
662 4070 825 4145 corpore
854 4046 920 4148 ipsi
949 4048 985 4123 se
1017 4046 1236 4145 auulseraut,
1266 4053 1325 4127 vel
1357 4064 1518 4155 peccatis

202 4151 273 4227 suis
296 4148 469 4225 morbosa
493 4148 663 4243 corporis
693 4147 860 4223 membra
880 4147 916 4223 se
939 4146 1192 4238 reddiderant,
1218 4152 1307 4229 dum
1333 4159 1367 4231 ei
1395 4160 1519 4240 adbuc

201 4252 390 4331 adhaerere
412 4248 637 4327 videbantur.
699 4248 852 4351 Quum
875 4247 1072 4341 fidelitate,
1101 4251 1441 4336 mansuetudinem
1464 4264 1517 4341 di·

1364 4359 1518 4463 ligantia
