3472 4844
220 319 292 418 376
363 334 592 415 onrctuvu
619 328 1061 393 rccrnsrasrrcuuvu
1083 336 1157 391 trs.
1181 336 1230 391 vr.
1252 338 1345 395 css.
1373 340 1439 399 ur.

216 439 1525 469 ...mm-...mm

214 509 451 583 „cnnqruetc
473 508 560 558 cum
584 479 723 558 verbis:
750 483 877 556 necin
902 481 1049 558 ecclelia
1073 480 1172 573 Dei,
1206 485 1268 561 vbi
1298 484 1531 589 simplicitas,

217 594 305 676 ⁷,rbi
319 560 417 689 pura
438 580 615 660 conscilio
630 578 696 671 est,
720 578 815 655 aliud
832 583 868 653 in
884 582 998 657 corcla
1019 582 1175 657 clausum
1193 583 1279 675 esse,
1303 588 1405 664 aliud
1432 593 1469 666 in
1490 582 1533 669 ls-
1558 616 1564 625 ·

217 694 311 776 „biis
328 686 489 789 proferri
510 682 705 757 timuimus.
776 681 931 778 Derepit
951 707 1020 759 uos
1041 681 1205 759 bonade
1232 686 1336 763 mulis
1360 692 1533 769 exsilimu-

218 797 308 876 „riu
360 786 454 860 Non
477 786 598 856 sumus
622 780 800 873 arbitrati,
826 777 1031 857 sacerdotes
1056 780 1194 857 Chtilli
1223 783 1399 867 aduersus
1431 790 1532 869 Chri·

218 872 336 976 „llum
352 907 529 986 puquarc.
583 882 772 975 Multaque
787 881 871 970 alia,
898 903 981 974 quae
1002 882 1187 957 breuitatis
1202 880 1322 962 studio
1337 912 1530 991 praetereo,

219 992 371 1075 „slantes
391 968 622 1071 adserebant,
641 982 756 1077 parati
772 979 808 1053 dc
826 977 1126 1080 subscriptionem
1144 982 1332 1079 pristinum
1350 990 1390 1065 ὅ(
1406 1016 1531 1071 omnes

214 1098 435 1177 „arianorum
463 1081 706 1178 blasphemias
731 1076 944 1161 damnato„
1010 1080 1190 1180 Quisquis
1213 1108 1528 1169 utsuouruvrr

216 1192 342 1291 paullo
367 1181 555 1258 studiosius
580 1180 730 1277 legerit,
754 1176 858 1252 facilc
886 1175 1101 1275 perspiciet,
1128 1180 1199 1257 hos
1225 1188 1430 1289 episcopos
1457 1218 1528 1270 non

215 1287 320 1368 fuisse
344 1292 504 1368 Arianos,
538 1301 605 1354 nec
632 1283 758 1349 Ariane
785 1274 872 1351 fidei
894 1277 1065 1373 symbolo
1090 1277 1336 1361 subscribendi
1374 1291 1528 1371 babuisse

217 1384 432 1471 consriium3
455 1377 515 1453 sed
539 1397 700 1453 erratum
720 1400 853 1451 corum
874 1375 996 1471 fuisse,
1022 1378 1127 1476 quod
1147 1381 1194 1459 de
1215 1385 1298 1463 zelo
1320 1387 1391 1465 suo
1413 1396 1549 1473 remis.

214 1509 333 1565 tentes
370 1479 540 1580 symbolo
576 1486 697 1549 Nisam
726 1474 855 1551 reticio
887 1476 984 1552 aliud
1013 1482 1090 1554 eius
1124 1480 1211 1558 loco
1234 1483 1310 1561 line
1346 1494 1527 1571 vocabulo

213 1584 538 1688 carisitlstanrialitaris
568 1578 803 1674 acceperint,
839 1577 898 1649 cui
924 1576 1008 1652 licet
1042 1576 1316 1680 subscripserint
1340 1613 1392 1666 ex
1422 1595 1526 1669 animi

215 1681 494 1786 simplicitate&
508 1700 692 1773 tamquam
706 1675 876 1772 symbolo
892 1674 1110 1752 orthodoxo
1127 1682 1181 1775 (cs
1191 1681 1272 1761 sane
1282 1689 1409 1780 verbo,
1419 1716 1527 1794 prout

213 1790 259 1865 ab
279 1802 548 1860 rur-:rourum
572 1773 821 1858 recensentur,
847 1775 960 1872 plano
982 1775 1045 1851 suo
1064 1776 1164 1855 seusu
1184 1806 1332 1883 accepto
1355 1791 1526 1885 pietatem

212 1887 407 1977 sonabant,
429 1872 744 1974 quemadmodum
759 1877 797 1947 in
814 1873 1081 1951 excusationem
1101 1902 1233 1958 cotum
1261 1883 1352 1963 dicit
1377 1914 1524 1971 urrun-

211 1990 388 2073 urruvs)
415 1984 532 2052 Ariani
548 1994 669 2047 tamen
690 1975 922 2066 aequiuocum
943 1975 980 2050 dt
1002 2000 1221 2055 venenatum
1240 1988 1291 2061 eis
1313 1986 1460 2071 sensum
1475 1994 1526 2073 dr·

93 2102 99 2111 '
211 2089 318 2180 bant,
341 2083 404 2157 vbi
424 2076 529 2151 sinito
552 2071 710 2147 concilio
726 2073 864 2169 palmus
884 2071 961 2148 suus
976 2076 1136 2154 iasiitarc
1155 2082 1395 2185 incipiebant,
1409 2092 1525 2173 dicen·

212 2207 289 2284 tes,
314 2206 391 2259 uon
415 2198 554 2253 tautum
575 2169 899 2271 corzfirlulanriuliratir
926 2200 1064 2249 nomeu
1090 2178 1287 2276 abolitum,
1320 2187 1386 2265 sed
1415 2186 1524 2273 fidem

211 2289 325 2363 etiam
356 2288 514 2353 Nicaeam
541 2272 748 2348 damnatam
778 2271 857 2347 else.
920 2273 1033 2349 Cuius
1067 2280 1120 2353 rei
1152 2285 1317 2362 nouitate
1343 2292 1525 2395 episcopi,

211 2386 278 2482 qui
289 2386 435 2459 Arimini
456 2374 618 2463 fuerant,
644 2396 722 2446 non
746 2371 982 2447 mediocriter
1004 2373 1280 2474 obstupuerunt.
1343 2396 1523 2492 Ingemuit,

103 2538 108 2545 .
209 2485 333 2582 inquit
350 2469 859 2557 H1ERONYMVS,totusor·lris
876 2467 1401 2591 &Ariasmmsecfflmiratuscst.
1435 2496 1524 2575 Hoc

136 2571 138 2575 ’
209 2583 283 2679 est,
304 2575 469 2679 episcopi
484 2570 654 2646 catholici
667 2593 714 2645 ex
729 2592 813 2647 toto
829 2594 1008 2647 terrarum
1023 2576 1116 2652 orbe
1129 2584 1311 2676 (trecenti
1325 2596 1522 2675 enimcon·

208 2684 297 2761 cilio
313 2671 577 2770 interfuerant)
603 2672 919 2769 ingemuerunt&
945 2675 1065 2749 mirati
1090 2677 1188 2770 sunt,
1213 2686 1399 2785 videntes,
1416 2694 1453 2774 se
1473 2702 1521 2777 ita

208 2780 354 2860 delusos
370 2774 440 2854 csse
455 2774 492 2848 dc
512 2794 699 2868 tamquam
719 2778 856 2844 Arimi
879 2774 1146 2875 repraesentari,
1169 2807 1285 2879 quum
1308 2810 1435 2873 tumen
1456 2798 1529 2877 do*

207 2883 366 2958 &tinam
387 2884 564 2961 Asianum,
584 2894 631 2947 ne
653 2872 691 2945 in
710 2873 861 2947 minima
881 2873 1032 2968 quidem
1053 2902 1173 2976 parte,
1201 2888 1428 2973 confirmare
1450 2904 1519 2977 ani·

209 3005 314 3056 mum
331 2973 555 3050 induxissent
607 2972 682 3043 lam
696 2994 789 3047 vero
808 2995 854 3047 ex
873 2971 929 3049 his
951 2974 1109 3054 iudicare
1128 2981 1246 3061 ledor
1260 2996 1417 3091 poterit,
1436 3024 1520 3099 qua·

209 3080 284 3155 sem
308 3074 430 3150 zelum
457 3074 497 3145 in
515 3069 658 3144 clericis
683 3067 759 3146 suis
781 3071 1008 3167 requisruerit
1028 3078 1175 3157 ecclefia
1197 3086 1394 3190 catholica,
1414 3102 1518 3179 nimi·

207 3203 292 3254 rum
313 3196 355 3251 vt
377 3196 454 3249 non
473 3190 614 3245 tantum
637 3192 709 3267 pto
729 3166 802 3247 fide
822 3169 915 3270 ipsa,
937 3172 1000 3250 sed
1025 3179 1133 3255 etiam
1152 3187 1301 3283 probis
1329 3197 1518 3283 catholicis

205 3302 290 3358 eam
311 3268 543 3374 exprimendi
566 3266 763 3360 formulis,
780 3294 871 3367 quus
895 3295 1015 3370 patres
1034 3279 1074 3352 in
1097 3287 1261 3364 conciliis
1284 3300 1534 3393 generalibus

204 3372 395 3476 tamquam
416 3370 593 3471 repagula
611 3394 653 3442 ac
671 3369 983 3459 ualuasnduersus
1004 3376 1199 3460 haereticos
1219 3396 1516 3503 composuissent,

203 3481 458 3564 decertarenu
487 3494 570 3566 quae
592 3468 618 3543 sr
646 3470 685 3543 in
707 3467 891 3547 subtilium
912 3474 949 3549 dt
973 3480 1266 3575 periculosorum
1287 3494 1517 3583 'aduersario-

111 3618 116 3625 -
204 3604 289 3657 rum
310 3578 466 3679 gratiam
486 3569 738 3663 auferrentur,
761 3572 1060 3654 commodiorem
1081 3582 1119 3655 in
1140 3585 1255 3684 ipsam
1275 3590 1392 3674 fidem
1413 3622 1515 3683 tanto
1563 3642 1567 3655 ·

201 3672 413 3759 'effrenatius
436 3667 683 3769 irrumpendi,
710 3672 748 3747 &
770 3670 924 3747 causam
937 3678 1155 3758 catholicam
1169 3686 1355 3774 destruere
1380 3725 1514 3783 conan-

201 3781 243 3858 di
272 3780 397 3855 locum
425 3774 476 3849 eis
506 3772 715 3868 aperirent3
752 3772 1068 3871 quemadmodum
1094 3781 1148 3858 isti
1171 3790 1356 3895 episcopi,
1386 3806 1513 3900 quiin

200 3878 439 3976 obsequium,
463 3879 609 3945 Arimini
623 3879 757 3947 Arianis
776 3871 995 3975 praeslitum,
1018 3882 1284 3971 consenserant,
1296 3898 1389 3976 tristi
1404 3926 1512 4007 expo

200 3981 329 4054 rienria
347 3975 429 4051 satis
445 3972 568 4050 edesii
590 3994 861 4073 cognouerunt.
911 3975 1097 4058 Candoris
1119 3988 1269 4083 quidem
1295 3994 1362 4089 est,
1388 4000 1511 4088 bonos

200 4076 404 4152 catholicos
424 4071 471 4148 de
486 4071 671 4152 vocabulis
691 4080 787 4152 inter
806 4073 842 4150 se
864 4074 1093 4176 dissidentes,
1115 4110 1162 4164 eo
1179 4089 1374 4196 adducere,
1397 4124 1440 4183 vt
1452 4110 1509 4186 alii

199 4176 291 4257 aiios
306 4172 408 4252 teste
422 4172 646 4273 intelligant,
669 4175 774 4279 quod
792 4174 838 4255 ad
856 4201 987 4280 pacem
1005 4181 1045 4263 dc
1065 4189 1305 4281 concordium
1325 4200 1510 4388 intgstqoe

1472 4334 1509 4388 u.
