3472 4844
196 372 267 469 306
290 386 384 441 0116.
396 383 525 436 ECCLES.
534 383 649 436 unul.
664 383 733 434 CM.
744 384 770 434 Ι.
789 385 833 433 DE
847 382 967 433 RERVM
981 379 1186 433 REGVLARVM
1193 378 1437 433 exorturum
1453 379 1539 429 Hc·

205 552 478 730 ffiotionem,
501 568 585 723 qfuae
601 544 649 623 de
663 546 748 624 vitis
763 543 804 622 bt
818 541 1006 620 laboribus
1022 564 1193 623 veterum
1206 541 1434 619 clericorum
1448 538 1542 643 agit,

289 671 419 728 mutim
437 672 510 727 con
529 670 595 727 ecr.

810 850 843 952 §-
893 850 959 933 lv.

206 975 422 1091 ··Catalogus
437 978 676 1091 quorumdam
692 998 860 1055 veterum
870 975 1124 1082 saeptorum,
1145 982 1213 1086 qui
1228 978 1271 1056 de
1286 973 1421 1086 officiis
1438 976 1544 1059 clari·

231 1096 234 1101 ’
674 1118 800 1169 corum
828 1088 1089 1195 exposuerunt.

344 1247 451 1301 mser
470 1217 756 1324 praestantiffima
772 1242 940 1297 veterum
958 1216 1090 1319 scripta
1104 1220 1259 1323 iungere
1275 1218 1397 1297 letior
1407 1218 1542 1322 potest,

218 1350 304 1428 quae
335 1349 382 1401 ex
411 1324 574 1402 instituto
602 1323 679 1398 hoc
705 1340 963 1422 argumentum
991 1320 1175 1399 tractant:
1218 1322 1429 1399 cuiusmodi
1467 1320 1543 1397 sunt

220 1451 472 1507 eflursosuom
489 1424 570 1499 iibri
580 1426 641 1525 sex
659 1420 906 1522 uestrarum,
919 1422 1402 1527 utuuourrrrepiflolaftcunda
1417 1424 1466 1497 ad
1483 1432 1541 1499 Ne·

193 1592 197 1603 .
220 1541 386 1635 potionum
407 1529 447 1601 de
462 1538 534 1601 vita
553 1531 757 1616 clericorum,
785 1526 824 1603 &
837 1548 1015 1601 Guucoml
1032 1550 1253 1602 nazianzum
1270 1528 1542 1631 apologeticus‚in

221 1656 302 1730 quo
323 1629 458 1708 cauisus
478 1630 656 1730 exponit,
680 1626 731 1702 ob
757 1628 909 1722 quasin
940 1632 1081 1701 Pontum·
1103 1627 1268 1730 fugerit,
1301 1626 1542 1728 posteaquam

221 1733 424 1836 presbyter
440 1755 585 1807 creatus
599 1726 744 1815 fuiss'et;
765 1730 803 1803 in
825 1727 959 1826 quibus
981 1728 1154 1807 omnibus
1177 1730 1402 1806 clericorum
1429 1726 1545 1807 officit

222 1838 379 1936 egregie
400 1833 666 1933 depinguntur.
717 1827 828 1904 Velsa
846 1830 931 1927 quis
948 1853 990 1905 ea
1011 1830 1105 1907 viuis
1124 1829 1344 1928 quibusdam
1364 1832 1545 1933 exemplis

212 1936 265 2037 ¹&
289 1934 415 2011 archer
445 1935 504 2034 pis
532 1930 791 2030 speciminibus
817 1927 1085 2031 perfectionis,
1117 1958 1200 2030 quae
1228 1934 1355 2010 animo
1384 1932 1546 2035 penitius

225 2061 339 2135 quam
359 1960 466 2110 nuci'ae
488 2030 629 2133 regulae
648 2030 829 2115 infident,
857 2027 1028 2107 illustrata
1059 2032 1189 2112 videre
1215 2034 1339 2119 malit,
1364 2037 1398 2113 is
1437 2033 1548 2115 excel·

224 2138 346 2215 lentes
368 2135 450 2212 istas
470 2129 744 2234 episcoporum,
764 2134 827 2230 qui
847 2133 885 2207 in
904 2134 1091 2233 primitius
1116 2134 1262 2212 ecclesia
1276 2138 1443 2213 maxime
1466 2138 1548 2217 emi·

224 2260 407 2331 iuuerunt,
424 2238 580 2313 virtutes
603 2234 648 2311 ab
667 2236 821 2333 optimis
839 2230 938 2310 istius
958 2238 1070 2313 aetatis
1092 2233 1330 2339 scriptoribus
1358 2236 1406 2315 ad
1424 2242 1552 2317 viuum

225 2337 409 2441 expreffas
435 2335 606 2414 consulat.
656 2332 790 2436 Qalis
817 2335 924 2411 verbi
941 2340 1070 2436 gratia,
1086 2337 1137 2413 est
1155 2342 1230 2415 vita
1251 2346 1378 2439 Ignatii
1398 2366 1419 2416 a
1445 2364 1552 2419 curr-

225 2464 419 2534 sosrour03
442 2440 516 2514 vita
533 2440 639 2535 Bastlii
660 2438 697 2514 ὃ(
711 2440 838 2511 Athana
848 2445 873 2507 ri
883 2462 901 2510 a
916 2461 1103 2514 onrcomo
1119 2465 1374 2532 urzrauznum
1396 2445 1480 2522 vita
1492 2451 1553 2519 Aa·

221 2546 380 2645 gustr'm‘a
400 2559 641 2628 P088100N103
666 2540 741 2615 vita
762 2546 914 2638 Gregorii
932 2541 1166 2643 Thaumaturgi
1182 2542 1220 2619 &
1234 2546 1364 2618 Meretri
1377 2568 1397 2620 a
1412 2569 1555 2626 enutio·

226 2668 289 2721 ruo
312 2666 476 2720 mesano
498 2638 649 2740 scripta3
676 2641 714 2715 in
734 2640 866 2739 quibus
887 2642 1063 2719 omnibus
1086 2646 1246 2743 genuina
1268 2643 1555 2727 christianorum

193 2796 196 2801 ,
229 2746 495 2846 episcoporum
518 2740 598 2820 idea
621 2742 658 2818 ἃ
679 2740 865 2818 cbaratier
887 2743 926 2817 in
955 2742 1076 2819 lucem
1101 2746 1286 2845 expofitus
1307 2748 1344 2823 ἃ
1367 2772 1457 2825 cum
1478 2750 1555 2829 boc

229 2845 383 2944 quidem
409 2843 531 2921 frusto
555 2842 757 2942 descriptus
785 2841 855 2936 est,
878 2867 919 2919 vt
935 2847 1018 2943 quis
1039 2872 1117 2923 non
1141 2847 1257 2925 nudas
1277 2848 1426 2951 tegulas
1444 2853 1557 2957 legat,

230 2947 291 3025 sed
311 2973 372 3024 eas
394 2944 472 3046 ipso
488 2942 551 3026 viu
568 2946 606 3019 ἃ
622 2946 884 3021 exercitatione
900 2944 1083 3045 expressas
1099 2948 1232 3026 videat.
1286 2950 1494 3053 Praecipuae
1509 2976 1557 3034 ex

181 3120 185 3125 .
230 3046 304 3124 istis
328 3047 612 3135 orationibusin
628 3068 790 3140 utroque
807 3069 946 3144 genere
967 3050 1005 3122 in
1029 3052 1194 3151 linguam
1215 3050 1382 3129 nostram
1406 3060 1557 3159 Angriu-

231 3176 310 3225 num
331 3149 487 3224 aliorum
507 3148 545 3239 Ρ)
566 3170 682 3245 opere
701 3147 774 3221 iam
788 3146 967 3223 translatae
984 3148 1229 3252 &longiores
1251 3152 1352 3249 sunt,
1378 3182 1493 3257 quam
1513 3178 1559 3239 vt

232 3248 449 3329 huiusmodi
470 3246 728 3341 dissertationi,
758 3272 841 3345 quae
863 3244 1003 3327 diuersa
1032 3252 1079 3327 ab
1106 3251 1179 3331 istis
1206 3258 1322 3333 utitur
1350 3258 1560 3357 methodo,

233 3350 339 3430 inseri
367 3348 516 3453 poffint.
563 3350 752 3453 roirca
774 3372 822 3425 ex
850 3348 919 3426 illis
944 3376 1004 3427 eas
1027 3377 1170 3431 tantum
1194 3354 1473 3439 obseruationes
1496 3387 1557 3441 ex-

232 3478 451 3556 cerpemus,
477 3476 561 3549 quae
582 3451 737 3549 publicis
756 3448 796 3526 δι
809 3451 1070 3530 vniuersaiibus
1092 3455 1251 3533 ecclesiae
1271 3459 1414 3561 legibus
1444 3470 1561 3565 (quas

232 3554 469 3653 sequentibus
489 3552 668 3655 capitibus
686 3550 960 3651 enarrabimus)
980 3557 1235 3657 consentiunt,
1259 3563 1404 3643 caetetis
1425 3564 1564 3649 curiofi

234 3658 389 3741 iestoris
414 3655 614 3759 diligentiae
641 3654 680 3733 u
701 3652 945 3753 disquifitioni
966 3658 1116 3738 relictis.

951 3872 1561 3907 --.-............-..-

281 4062 318 4147 p)
334 4066 413 4130 Vide
423 4066 543 4132 Rruneti
552 4060 678 4150 pastoral
692 4086 757 4133 rare
775 4087 880 4153 eaus-
919 4004 1230 4181 ῗνῑέηῗιρτὶέιῒῗὲιιτῗὲνώ
1248 4018 1280 4080 in
1298 4018 1347 4082 the
1364 4018 1438 4085 lim
1449 4024 1566 4103 Μ’

1344 4420 1575 4539 LIBRI
