3472 4844
196 310 263 369 102
328 308 556 363 ontctuvu
579 300 1008 355 recreararrrctnvn
1028 302 1104 351 rm.
1126 300 1179 351 tv.
1205 298 1290 355 err.
1311 298 1366 349 rr.
1432 294 1436 301 ·

198 392 1536 443 ....-.-----—---—--—-·--·

201 476 277 565 nis,
309 493 351 548 vt
375 492 714 548 rrtrooonervs
745 466 874 543 audior
898 466 1007 561 estu,
1041 467 1291 569 perscriptum
1310 466 1349 543 dt
1373 460 1532 544 cunsto·

203 596 288 655 rum
306 569 629 671 subscriptionibus
652 567 838 643 firmatum
864 589 943 651 tum
966 570 1005 644 hi
1034 590 1113 646 tum
1138 570 1188 643 illi
1209 590 1402 667 tamquam
1427 578 1554 641 cour.

203 697 315 753 mune
341 671 491 775 pasium
508 668 636 768 Eusebio
651 666 855 768 Samofirrnpi
869 668 1049 769 episcopo
1070 668 1290 746 seruandum
1314 664 1533 757 tradebant,

205 774 310 873 quod
334 799 451 872 quum
477 774 701 870 carpentius,
736 770 958 847 catholicum
980 772 1055 849 sese
1077 772 1268 871 praebente
1295 772 1464 859 Merena,
1490 762 1538 841 nb

207 874 335 978 Eusebio
351 896 552 975 repeteret,
579 872 685 947 nullis
701 872 1052 947 comminationibus
1071 872 1116 947 ab
1135 897 1182 949 eo
1198 894 1428 971 extorquere
1444 862 1533 943 iilud

207 997 366 1080 poterat.
418 996 707 1050 nvovsrtnvs
734 969 834 1047 idem
849 992 879 1028 w
912 970 959 1049 de
979 974 1116 1063 studii,
1144 970 1357 1050 successoris
1376 967 1433 1047 sui
1453 974 1533 1073 Hip-

207 1102 302 1181 pone,
323 1075 503 1153 elesiione
522 1095 664 1162 narrat,
691 1097 802 1169 quam
824 1074 932 1149 certis
954 1072 1001 1151 de
1017 1072 1140 1149 caussis
1160 1072 1195 1152 se
1210 1076 1301 1151 viuo
1321 1070 1411 1151 -fieri
1426 1072 1538 1147 vole⁴

210 1184 281 1256 bat.
334 1176 502 1251 Primum
525 1172 682 1251 ecclestae
705 1177 872 1249 notarios
893 1176 1172 1253 acclamationes
1195 1175 1329 1277 popuii
1356 1174 1535 1273 excipere
1574 1262 1579 1273 Ι

210 1281 353 1373 calamo
380 1276 546 1370 iubebat,
571 1272 705 1351 deinde
730 1296 770 1350 vt
793 1273 904 1375 gestis
924 1274 1211 1369 subscriberent,
1243 1279 1309 1375 qui
1327 1290 1533 1377 poterant,
1555 1360 1561 1369 .

211 1402 344 1459 omnes
362 1377 527 1479 rogabat.
593 1376 642 1451 Et
658 1376 740 1451 haec
767 1374 953 1451 ordinaria
967 1398 1045 1455 erat
1061 1380 1145 1471 uia,
1168 1377 1195 1453 st
1214 1376 1534 1478 metropolitanus

208 1485 249 1560 in
264 1478 444 1559 eleccione
467 1474 584 1554 adesse
606 1501 734 1555 coram
756 1500 835 1555 non
856 1476 994 1577 posset,
1018 1476 1211 1555 decretum
1236 1482 1353 1558 totius
1373 1472 1535 1556 ecclesie
1562 1518 1577 1549 -.

209 1583 340 1661 litteris
361 1578 646 1681 confignabatur
667 1577 715 1655 ad
736 1602 897 1677 eumque
910 1578 1168 1677 deserebatur,
1201 1601 1243 1657 vt
1266 1600 1390 1656 ratum
1406 1578 1453 1655 dr
1472 1572 1534 1653 fir·

126 1722 129 1729 ·
211 1682 418 1761 mumillud
435 1682 669 1757 ess'ciuberet.
723 1679 838 1756 Cuius
853 1677 1126 1757 consuetudinis
1142 1680 1534 1778 reliquiae-etiamnum
1598 1690 1602 1723 ¹

210 1784 340 1863 videre
361 1787 445 1857 licet
466 1783 503 1856 in
526 1784 679 1875 antiquo
697 1780 808 1850 ordire
835 1788 976 1853 Ruinam
989 1802 1035 1878 X,
1070 1784 1132 1859 vbi
1167 1782 1331 1859 formula
1355 1778 1536 1881 quaedam
1569 1830 1575 1847 .

215 1883 353 1962 decreti
366 1881 548 1974 habetur,
572 1883 632 1955 cui
647 1879 764 1955 clerus
778 1881 819 1955 dr
838 1884 1019 1980 populus,
1046 1906 1162 1979 quum
1184 1880 1407 1985 episcopum
1424 1882 1535 1987 elige·
1568 1915 1571 1929 ·
1599 1960 1602 1974 ,

214 2006 315 2073 rent,
344 1980 586 2067 subscribere,
612 1979 775 2079 illudque
795 1983 1087 2081 metropolitano
1107 2008 1154 2061 ac
1182 1984 1332 2086 synodo
1348 1982 1535 2063 exhibere
1599 1976 1602 1991 '

215 2086 415 2173 debebant,
440 2102 481 2159 vt
502 2080 638 2159 elesius
658 2080 943 2160 consecraretur.
1013 2082 1165 2187 Quin
1187 2085 1267 2163 casu
1287 2082 1535 2187 :simetropo

215 2188 346 2267 uanus
371 2187 410 2260 in
433 2186 602 2261 examine
622 2183 779 2259 elesium
801 2184 911 2262 talem
936 2184 1260 2288 deprehenderet,
1293 2188 1449 2287 qualern
1467 2182 1535 2289 ipsi
1579 2230 1584 2239 ·

215 2292 249 2368 ei
268 2287 408 2385 scripto
427 2284 796 2384 repraesentauerant‚
824 2283 1068 2366 confirmabat
1084 2309 1276 2386 ratamque
1299 2286 1460 2367 habebat
1472 2312 1538 2367 eo·
1585 2282 1602 2367 ,¹

214 2412 299 2468 rum
313 2384 555 2480 elesiionetn,
580 2406 690 2480 atque
704 2385 802 2460 illico
823 2383 943 2484 ipsum
967 2388 1172 2464 ordinabat.
1219 2387 1326 2492 Qtre'
1334 2393 1469 2466 omnia
1483 2393 1535 2465 in·
1587 2438 1592 2447 ·

215 2508 351 2579 nuunt,
374 2489 558 2586 populum
579 2483 825 2563 decretoriam
840 2487 1040 2584 quamdam
1060 2492 1097 2565 in
1113 2489 1354 2583 elesiionrbua
1370 2488 1536 2575 habuiss'e

89 2650 91 2657 .
214 2586 453 2697 potestatem,
477 2612 547 2667 nec
561 2610 667 2665 mere
683 2584 925 2668 testimoniale
938 2591 1016 2670 eius
1027 2588 1132 2671 fuisse
1145 2589 1372 2696 suffragium.

792 2791 823 2893 p
870 2790 961 2876 vlt.

427 2937 607 3048 Quarto}
643 2935 705 3015 Ex
727 2933 792 3040 vfit
813 2938 858 3018 θ’
881 2940 993 3049 officio
1013 2946 1325 3026 interemtorum.

323 3146 524 3225 ovrnro:
550 3120 639 3197 Hoc
663 3143 782 3219 porro
802 3145 849 3199 ex
867 3121 931 3199 vsu
947 3124 985 3202 dr
1001 3123 1125 3204 officio
1148 3138 1407 3205 interraneorum
1426 3132 1467 3211 in
1480 3158 1541 3217 κ.
1562 3144 1577 3157 ··

218 3228 321 3310 clesra
334 3234 435 3302 latina
450 3220 678 3299 maniiestum
695 3220 764 3318 est,
792 3248 956 3321 quorum
972 3248 1070 3323 erat,
1095 3254 1272 3309 maturam
1287 3235 1378 3310 noui
1392 3234 1542 3337 episco-

217 3338 258 3439 pi
276 3336 315 3409 in
334 3346 526 3407 vacantem
547 3322 672 3401 sedem
695 3322 920 3405 elesiionem
939 3351 1171 3431 promouere
1189 3355 1301 3432 atque
1314 3356 1542 3436 procurare,
1570 3338 1602 3449 st:

1404 3462 1541 3539 quent·
1558 3442 1591 3475 '⁴

1256 3634 1539 3665 -—=—-

259 3744 856 3833 u)Theodor.iib.11.c.XiOil.&XXX11.
938 3748 981 3825 x)
1004 3745 1088 3810 Ordo
1117 3747 1201 3808 Rom.
1231 3746 1436 3829 (bibliothec.
1462 3768 1542 3833 patr,

259 3840 302 3917 w)
324 3834 446 3915 August.
461 3832 574 3913 ep.CX.
593 3836 751 3897 Anotariis
764 3834 856 3897 eccle·
895 3846 969 3893 rom.
980 3836 1014 3896 X.
1032 3831 1147 3912 p.ro4.)
1191 3834 1366 3909 Decretum,
1385 3836 1468 3915 quod
1481 3840 1542 3903 cle·

217 3919 492 3993 sm,iicrttcet·11iris,
506 3918 692 3999 excipiuntur
706 3940 770 4001 qua
784 3918 856 3981 dici·
896 3937 945 3979 rus
964 3916 996 3978 dt
1012 3917 1140 3998 populus
1169 3914 1283 3983 firmare
1308 3920 1363 4002 (al.
1387 3918 1542 4007 formare)

220 4025 302 4077 mur,
326 4004 584 4080 excipiunturque
597 4005 711 4083 dicitis,
723 4005 756 4069 dr
771 4020 855 4069 ment
897 4002 985 4065 debet
1003 4001 1141 4065 deeleeto
1153 4003 1315 4086 episcopo·
1335 4040 1348 4055 ·
1358 4013 1540 4079 veomniun

217 4092 311 4155 sermo
334 4086 366 4147 ἃ
385 4082 482 4147 vesttae
507 4087 728 4154 acclamationes
748 4094 781 4153 iu
801 4108 858 4155 ter·
898 4088 1054 4170 nostrorum
1071 4102 1140 4152 rota
1156 4089 1190 4150 in
1202 4092 1277 4153 hanc
1294 4091 1454 4157 elesiionem
1469 4116 1543 4161 cm·
1583 4088 1599 4163 ³.

217 4196 279 4242 ram
298 4190 360 4235 non
372 4168 480 4231 cadunt
500 4204 511 4216 ·
532 4172 599 4233 Hoc
613 4172 649 4233 ad
660 4176 796 4239 vicimum
808 4198 854 4241 ro·
896 4178 996 4243 venire
1013 4178 1153 4251 noscatis,
1187 4176 1255 4241 huic
1281 4178 1391 4241 decreto
1405 4188 1542 4249 camme·
1576 4178 1602 4251 ,ῗῖ

217 4286 273 4352 go,
294 4276 325 4325 vt
337 4254 424 4343 gestis
436 4253 497 4355 iiiii
510 4256 679 4343 amemur
694 4260 854 4331 subscribe·
892 4264 1082 4355 promtissima
1102 4260 1251 4327 voluntate
1297 4268 1380 4353 agari
1399 4258 1601 4347 Μίθρῃ),-

213 4374 261 4433 re,
283 4348 335 4435 qui
351 4338 485 4431 wttstw·
891 4355 1016 4441 propriu
1024 4342 1255 4437 nbrmersub
1267 4345 1423 4443 opstant.
1471 4358 1476 4367 '
