3480 4836
236 328 307 409 226
380 326 601 403 nr'r'cru'u'u
628 320 1054 401 r'cctr'rrrrrrcrrvrr
1083 344 1210 400 ιτα.
1250 340 1430 400 er-r.rtt.
1462 340 1473 394 .·

304 436 309 445 ·
1312 432 1545 486 --·—⁴·t

192 496 214 599 j
242 523 288 576 ro
301 500 606 600 propter'cauffae
626 524 790 579 naturam
819 502 1059 600 aur'propter
1080 500 1276 597 qnamdam
1297 499 1545 578 difficultatem

204 605 207 613 ’
243 596 437 699 episcopus
459 599 629 677 decidere
647 603 839 773 negotium
859 624 936 675 non
955 597 1092 698 poffet,
1115 623 1217 680 runc,
1243 624 1322 676 non
1340 621 1460 676 aurem
1472 596 1546 675 alin

244 700 412 790 ratione,
449 698 495 773 ad
519 702 640 775 ciuiles
666 701 702 773 iu
730 703 803 774 ices
830 696 1021 773 deferendi
1048 697 1134 772 iliud
1158 698 1309 775 haberet
1329 699 1545 777 libertatem.

243 796 302 871 Ex
317 799 446 894 quibus
460 798 630 874 omnibus
645 795 872 873 manifestum
886 795 957 887 est,
980 799 1225 873 immunitates
1239 796 1442 874 istiusmodi
1454 798 1544 871 anti·

243 899 367 990 quitus
383 920 461 971 non
475 919 660 994 tamquam
675 920 736 989 res
745 896 860 971 diuini
874 897 961 972 iuris
973 894 1146 995 spediatas
1160 894 1242 993 effe,
1260 894 1321 973 sed
1335 899 1372 971 iu
1386 894 1546 973 solidum
1589 900 1592 906 ’

242 994 288 1067 ab
313 996 465 1070 arbitrio
490 997 529 1072 dt
557 997 743 1071 voluntate
768 997 979 1095 principum
1011 994 1288 1071 christianorum
1310 992 1544 1096 dependisse.

242 1096 409 1205 quamuis
422 1094 546 1171 saecula
562 1093 765 1209 poster‘prr
786 1096 892 1170 aliam
905 1097 958 1170 eis
972 1092 1109 1193 specics
1122 1091 1341 1170 induxerint.

254 1200 310 1315 ο*
369 1300 373 1305 -
796 1259 828 1361 a.
875 1256 975 1334 xlv,

301 1369 363 1449 De
373 1369 569 1475 nereffaria
583 1368 808 1474 diliindlione
824 1378 928 1453 inter
939 1367 1151 1474 supremum
1167 1366 1484 1482 &fitbordrsrrator

460 1478 705 1589 magrstratrs
723 1488 764 1560 in
781 1481 845 1560 hoc
863 1486 1143 1593 immunitatum
1158 1488 1318 1587 negotio.

354 1656 478 1714 rutro·
500 1662 592 1715 vero
609 1634 872 1716 obseruandum
887 1636 958 1735 eii,
983 1636 1086 1737 quod
1099 1640 1136 1714 in
1153 1637 1238 1740 ipsu
1256 1640 1365 1718 etiam
1380 1640 1541 1720 ecclcsrr·

242 1734 336 1813 sticis
358 1737 480 1813 cauffis
497 1762 673 1838 magnum
693 1738 836 1838 semper
852 1735 1043 1813 discrimen
1061 1738 1157 1815 inter
1177 1738 1390 1839 potestatem
1406 1744 1542 1840 princi·-

242 1843 300 1937 pia
320 1834 377 1910 seu
394 1832 522 1913 summi
543 1836 784 1934 magistratus,
809 1838 847 1913 dt
867 1839 960 1912 inter
978 1833 1296 1919 subordinatorum
1315 1837 1373 1917 seu
1390 1838 1542 1919 inferio·

241 1958 325 2010 rum
342 1933 502 2011 iudicum
515 1933 727 2032 pordstatem
745 1934 989 2014 intermiserit.
1039 1934 1277 2036 Quamquam
1288 1942 1387 2016 enim
1400 1936 1543 2018 iudicer

244 2032 419 2109 ordinarii
434 2033 575 2134 iegibus
595 2034 903 2133 prohibebantur,
926 2056 1003 2132 quo
1024 2036 1145 2113 minus
1157 2034 1281 2113 crussis
1295 2034 1540 2154 eepefiasticir

241 2130 309 2210 sese
320 2126 561 2208 immiscerent
567 2160 578 2229 ;
602 2140 640 2210 in
657 2132 873 2232 quibusdam
898 2156 1020 2211 tamen
1035 2132 1171 2210 casabus
1190 2131 1265 2233 ipse
1286 2158 1461 2235 princeps
1476 2160 1538 2213 ex·

240 2232 503 2310 tranrdinarios
517 2233 775 2334 interponebat
792 2228 1100 2332 constituebatque
1116 2233 1271 2325 iudices,
1298 2234 1539 2313 &interdum

240 2334 251 2406 i
277 2330 390 2408 semet
412 2330 542 2407 cauffas
565 2332 858 2429 audiebaturque
882 2331 1095 2423 decidebat,
1127 2333 1188 2407 vel
1216 2332 1537 2412 ecclefiasticorum

146 2484 158 2495 .
289 2454 385 2506 creta
399 2455 472 2530 pro
486 2428 621 2506 summa
635 2429 710 2524 sua,
735 2456 805 2528 qua
819 2430 997 2529 pollebat,
1013 2429 1225 2507 auctoritate
1238 2432 1413 2524 abolebat,
1429 2432 1537 2532 quod

236 2528 391 2606 faciendi
412 2525 586 2606 ordinarii
608 2527 745 2603 iudices
765 2554 842 2604 non
871 2527 1051 2604 habebant
1070 2528 1298 2628 potestatem.
1368 2532 1439 2611 Sed
1457 2531 1537 2611 hur

235 2627 282 2706 ud
303 2627 398 2705 aliud
419 2650 677 2728 argumentum
703 2624 854 2726 spediat,
879 2627 980 2726 quad
997 2629 1120 2703 locum
1136 2630 1175 2702 in
1196 2630 1270 2706 hoc
1291 2656 1406 2733 opere
1422 2631 1533 2709 habe·

233 2726 288 2907 bg
282 2730 629 2907 1sscommodiorem,
662 2727 726 2804 vbi
746 2728 793 2804 de
823 2728 1034 2830 principum
1054 2726 1332 2809 christianorum
1352 2729 1536 2835 potestate

234 2855 254 2911 c
324 2852 478 2909 eremus·
1325 2870 1328 2875 ⁴

477 2939 807 3130 ,araur
883 3022 1247 3163 QVINTJ

567 3193 820 3281 ,emt
876 3193 1158 3300 terrama

134 3300 139 3343 ⁵
222 3320 701 3419 probamentum
722 3316 1201 3412 rumvurrattuvs
1229 3327 1530 3421 Rusrssc'rv

280 3435 634 3517 TRIBVTORVM
668 3436 737 3511 ΕΤ
766 3434 1002 3512 ctv1L1vM
1032 3437 1303 3514 MVNERVM
1331 3440 1463 3517 Aua-

433 3540 607 3621 uvuoyt.
630 3538 925 3615 Mutuumuuvur
954 3538 1241 3605 avrtcrtutuvrr
1260 3543 1312 3604 uu

693 3624 856 3686 taurento
878 3625 1069 3689 commo,
