3472 4844
320 356 618 415 ousruvtttorues
644 362 823 439 QVAEDAM
847 362 899 419 AD
925 364 1123 423 Haeresvs
1150 364 1275 423 DICTA.
1393 370 1456 449 431

130 468 325 483 *-
540 470 741 484 ἡ*
1019 477 1212 487 -μ-..ι-...η
1234 476 1392 489 ...υκαι-υ.-
1402 480 1408 489 ι
1420 470 1429 489 ι’

124 506 229 607 quod
243 507 357 586 vitam
375 512 520 583 Mortr'm'
543 509 751 611 scripsisset:
776 514 844 609 Erfi
858 514 917 613 ipfi
932 541 995 587 non
1008 524 1177 604 uiximus,
1202 536 1242 587 or
1254 519 1331 589 aliis
1346 542 1453 591 exem·

118 614 212 735 shf
231 612 414 785 werstanus
427 638 438 684 .·
467 612 616 687 dediturus
634 634 744 687 tanuen
766 637 893 719 operum
909 670 925 723 ².
949 643 990 689 ne
1014 619 1065 689 illa·
1093 618 1251 709 laterem,
1277 625 1339 719 qui
1359 618 1454 720 efflat

122 732 233 789 ametae
280 766 290 787 .

123 916 365 1023 specialiores
386 920 553 1025 precedam
576 920 713 1027 regule
732 916 965 1019 obsereronda
993 922 1304 1002 commendantur.
1363 916 1448 1005 Pri·

146 1114 149 1119 ,
177 1052 298 1115 mum
313 1032 461 1139 quidem
476 1061 544 1133 ea,
563 1018 1078 1141 qrtaeadnntiquomhonriner
1091 1033 1388 1137 inminzstetiunr

386 1144 539 1221 ecclam
569 1142 751 1222 educandi
772 1142 977 1225 methodum
988 1141 1173 1247 sparserat.

215 1275 343 1329 varvar
367 1275 461 1327 eum
483 1276 580 1328 vano
605 1250 695 1329 dum
713 1254 758 1329 in
787 1251 1092 1332 commendandis
1107 1276 1283 1335 ,veterum
1316 1278 1441 1351 exem·

118 1350 192 1455 plis
211 1353 261 1448 ira
281 1352 424 1429 sedulus
442 1351 544 1446 sum,
569 1353 880 1429 committendum
897 1356 989 1430 mihi
1002 1380 1080 1431 non
1102 1352 1172 1447 est,
1196 1377 1239 1433 vt
1261 1354 1441 1453 quasdam

118 1476 165 1531 ex
222 1452 490 1531 raestunnffimis
510 1456 674 1556 ipsorum
695 1456 834 1555 regulis
851 1455 1033 1531 incuicare
1058 1456 1258 1555 negligam.
1309 1454 1440 1534 Cuius·

116 1480 225 1631 modi
252 1552 337 1631 sunt
364 1553 530 1655 ipsorum
556 1558 660 1655 leges
682 1553 731 1631 de
749 1553 946 1632 educandis
967 1554 1254 1631 adolescentibus
1274 1555 1310 1631 in
1331 1554 1439 1633 vsum

116 1653 305 1733 ministerti
326 1655 550 1732 ecclesiastici
572 1654 634 1730 sub
659 1652 837 1755 magistro
858 1654 944 1733 disci
975 1658 1082 1749 iinae,
1111 1658 1214 1732 cuius
1239 1658 1438 1757 negotium

116 1778 215 1845 erat,
242 1780 368 1835 mores
388 1758 426 1835 δι
448 1758 560 1834 vitum
582 1782 716 1834 eorum
740 1755 918 1845 formare,
935 1681 975 1835 &pt
995 1754 1093 1857 ipsos
1113 1756 1295 1835 eiusmodi
1311 1754 1438 1841 studiis

116 1858 498 1937 &exercitationibus
522 1855 777 1955 adsuefacere,
805 1860 939 1957 quibus
963 1858 1009 1934 ad
1036 1858 1227 1959 superiora
1250 1856 1368 1934 officia
1393 1880 1438 1943 ac,

114 1957 312 2037 ministeria
327 1962 365 2035 in
385 1957 531 2037 ecciefiu
546 1984 624 2059 prae
653 1964 749 2037 arari
764 1960 802 2037 dc
817 1962 988 2059 opprime
1006 1957 1132 2037 idonei
1147 1956 1253 2038 reddi
1276 1957 1435 2060 possent.

116 2058 218 2159 Qae
235 2063 463 2137 iuuentutem
476 1986 657 2137 educandi
679 2059 878 2137 methodus
900 2086 1016 2159 quum
1040 2064 1134 2154 iam,
1157 2058 1291 2140 eredis
1311 2060 1436 2139 acade'

114 2166 199 2237 mtis
231 2184 273 2235 ac
300 2158 396 2237 ludis
420 2162 627 2249 litterariis,
656 2181 791 2235 mutarn
817 2159 880 2251 sit,
904 2158 949 2233 ad
975 2183 1071 2256 quos
1096 2160 1177 2237 haec
1205 2184 1293 2236 cura
1318 2156 1434 2251 deuo·

113 2260 190 2338 iura
211 2260 281 2351 est,
309 2262 360 2335 ilii
385 2261 423 2335 in
447 2284 529 2337 eam
552 2260 821 2361 cogitationem
850 2261 1008 2335 omnino
1036 2259 1174 2337 debent
1196 2258 1433 2354 incumbere,

111 2382 156 2439 vt
174 2360 275 2437 idem
297 2359 381 2439 finis
401 2362 517 2441 nihilo
538 2361 652 2438 secius
682 2361 911 2456 obtineatur,
936 2360 1012 2435 hoc
1033 2357 1102 2447 est,
1121 2384 1163 2437 vt
1182 2384 1315 2455 omnes
1334 2362 1433 2437 iuue-

111 2486 198 2555 nes,
216 2460 264 2539 ud
284 2462 426 2539 sacrum
447 2462 637 2563 quoddam
659 2484 795 2541 munus
810 2458 1053 2561 adspirantes,
1075 2484 1149 2540 tam
1168 2464 1205 2537 io
1223 2458 1344 2537 studiis
1362 2458 1434 2541 suia
1522 2460 1527 2469 ’

111 2589 225 2665 quam
244 2566 410 2641 moribus
426 2564 527 2641 reste
540 2564 772 2655 erudiantur,
795 2588 836 2639 vr
856 2564 901 2637 ad
916 2560 1072 2639 arduum
1091 2587 1188 2661 opus
1204 2562 1304 2639 suum
1319 2560 1358 2639 ἃ
1371 2560 1432 2641 va'·

110 2672 185 2743 rias
207 2667 318 2741 futuri
338 2666 501 2739 muneris
523 2684 649 2764 partes
672 2662 799 2741 idonei
818 2660 918 2739 fiant,
967 2662 1015 2739 Et
1037 2676 1145 2739 tanto*
1162 2664 1342 2737 maiorem
1361 2662 1432 2742 hnc

111 2766 153 2841 in
175 2788 215 2841 re
232 2786 358 2839 curam
378 2764 424 2839 ab
448 2764 518 2841 iilis
532 2762 699 2841 adhiberi
712 2760 854 2841 necesse
868 2762 936 2855 est,
959 2764 1047 2863 quia
1068 2762 1232 2863 episcopi
1251 2760 1326 2838 hoc
1346 2788 1431 2841 aeuo

109 2864 306 2966 specialem
328 2860 430 2941 istam
449 2888 599 2943 morum
624 2889 667 2941 ac
690 2866 776 2941 virae
805 2860 1010 2941 istiusmodi
1036 2864 1233 2943 hominum
1261 2866 1443 2942 notitiam

110 2964 248 3043 habere
269 2988 349 3041 non
373 2962 540 3065 possunt,
564 2991 678 3067 quam
698 2966 790 3043 oiim
813 2966 1020 3043 habuerunt
1032 3020 1046 3061 ,
1071 2990 1187 3065 quum
1205 2965 1243 3040 in
1264 2964 1433 3067 ipsorum

112 3070 232 3147 oculis
268 3064 537 3163 educarentur,
576 3093 785 3165 eorumque
830 3066 1050 3167 inspectioni
1086 3064 1274 3145 subessent.
1352 3066 1432 3145 Iam

111 3193 227 3251 vero,
255 3168 359 3267 quod
384 3169 430 3245 ad
457 3170 553 3245 hanc
579 3168 783 3247 studiorum
811 3194 854 3245 ac
877 3172 963 3245 vitae
986 3166 1152 3270 ipsorum
1178 3192 1323 3270 partem
1352 3168 1432 3247 atti·

109 3292 193 3359 net,
218 3272 383 3369 primum
408 3294 429 3349 a
451 3295 540 3379 cura
564 3274 603 3372 {sc
625 3269 802 3369 deindea
828 3270 1038 3350 testimonio
1058 3295 1192 3349 eorum
1217 3266 1432 3370 dependere

111 3368 252 3447 debent
264 3426 277 3465 ,
318 3371 450 3472 quibus
489 3372 657 3452 educatio
691 3370 858 3471 ipsorum
893 3372 1082 3452 commissa
1121 3368 1181 3449 est.
1254 3373 1306 3446 At
1330 3371 1432 3447 enim

108 3496 205 3549 vero
229 3478 416 3551 recentior
442 3472 597 3572 quidam
616 3470 925 3578 praestantissimus
945 3472 1074 3553 aanor
1087 3495 1129 3567 g,
1154 3472 1280 3573 quiin
1305 3468 1431 3549 sontes

109 3576 279 3674 corrupti
300 3572 572 3655 hodiernorum
592 3578 873 3656 christianorum
894 3574 1004 3653 status
1023 3578 1193 3675 inquirit,
1222 3572 1286 3647 vbi
1306 3572 1355 3651 de
1375 3568 1434 3652 of·

108 3671 198 3753 iicio
219 3672 389 3777 pastoraii
415 3678 539 3777 deque
562 3680 759 3757 ordinariis
784 3680 958 3756 homines
977 3675 1023 3753 acl
1043 3677 1130 3754 illud
1155 3672 1336 3753 educandi
1360 3674 1433 3758 viia

109 3762 308 3880 loquitur,⁰
317 3775 506 3883 duplicem
530 3780 579 3859 de
600 3782 720 3859 modo
741 3780 968 3859 educationis
987 3781 1026 3856 in
1051 3780 1176 3857 multis
1200 3783 1433 3955 Europgeffi

153 4064 190 4141 g)
201 4058 746 4147 Osterwdd’scaeufisosthecorruption
790 4064 818 4127 ie
836 4062 1056 4145 dsrsglcmcnt3
1077 4054 1220 4137 eiieycst
1235 4054 1430 4125 abandonnc‘e

108 4140 147 4223 af
156 4148 317 4225 cornisam,
331 4169 401 4230 part⁴
410 4173 432 4213 2.
448 4150 560 4231 chapp
574 4172 595 4231 p
611 4171 660 4231 333.
674 4152 745 4215 edit.
790 4148 964 4229 asaproprc
975 4142 1128 4213 ronduite3
1146 4142 1189 4203 les
1201 4140 1279 4205 soins
1291 4146 1341 4209 des
1351 4148 1430 4209 Mai·

108 4230 227 4310 Anglic.
251 4252 280 4311 p.
293 4254 345 4312 ¹²7·
367 4236 445 4299 Edit.
466 4236 564 4319 gallic.
582 4258 598 4297 a
617 4238 644 4297 la
661 4240 747 4321 Haye
788 4254 845 4299 tres
858 4226 1431 4311 &dosProiessenrsncs'cntendcutpra

109 4314 145 4375 M
157 4316 241 4377 DCC
252 4318 323 4379 xxi.
343 4324 392 4385 vbi
407 4322 493 4387 verba
511 4324 550 4383 ita
567 4321 696 4387 habent:
718 4330 747 4389 A
786 4320 881 4401 jusqu'
893 4326 909 4382 a
919 4318 1013 4401 regies
1028 4312 1070 4373 les
1082 4332 1191 4376 moerrrs
1209 4320 1245 4375 dc
1258 4317 1337 4377 leurs
1349 4314 1433 4381 disci·

107 4396 129 4463 1’
142 4398 232 4487 egued
241 4398 446 4479 dormiam
450 4408 608 4497 jeuneffey
620 4408 747 4481 virdun
787 4408 861 4495 pler.
903 4396 1182 4515 cedfsordrcrnsi
1199 4400 1429 4517 iniqqredarq
1542 4506 1545 4511 Ι
