3472 4844
338 394 380 439 ue
407 394 546 441 uectura
571 398 617 443 ετ
641 396 809 445 tntutrtts
835 400 1021 448 mvcrrvut
1044 402 1240 461 arretium,
1383 392 1446 477 ‘⁶⁵85

125 530 356 613 decimarum
368 534 557 611 defeslum
572 534 779 635 supplente:
806 536 865 615 sed
886 540 981 615 hanc
1004 547 1311 619 communionem
1329 510 1449 623 extri·
1483 616 1488 625 .

125 632 353 711 ordinariam
369 634 471 712 fuisse
492 660 560 711 nec
575 658 760 735 perpetuo
776 636 998 716 tlurattuam'.
1069 648 1199 737 Tertio,
1221 642 1448 723 decimarum

122 732 372 831 solutionem,
394 757 437 813 vt
450 758 538 811 tunc
549 734 660 811 fuerit
678 734 845 815 conditio
862 740 1037 833 ecclesiec,
1052 744 1336 821 incommodum
1351 744 1449 823 adeo

123 834 229 913 fuisse
256 862 368 937 atque
393 834 597 937 operosum
621 839 845 949 negotium,
879 862 922 916 vt
942 867 1019 917 non
1046 842 1140 919 bene
1165 842 1247 921 lieri·
1267 848 1448 943 potuerit.

123 936 374 1041 Qapropter
388 934 477 1013 sreut
492 938 718 1011 circumcilro
734 936 778 1011 acl
790 958 941 1038 tempus
955 942 1082 1019 omissa
1097 942 1227 1041 fuerit,
1254 944 1444 1045 Istc-uper

123 1037 309 1115 clelettum
321 1040 390 1113 iter
405 1036 581 1132 faciente,
608 1060 686 1113 nou
700 1038 805 1211 pund
824 1044 986 1139 populus
1000 1064 1088 1119 tunc
1100 1068 1252 1143 quoque
1267 1050 1345 1121 iure
1361 1056 1445 1121 eam

122 1140 299 1215 adhibere
321 1136 419 1213 haud
439 1134 635 1232 debuisset,
659 1134 706 1209 set
738 1140 821 1235 qula
838 1164 910 1241 pro
928 1140 992 1217 ista
1015 1144 1230 1222 conditione
1243 1170 1284 1221 ac
1299 1169 1445 1245 tempo·

116 1266 164 1333 ‚re
179 1238 337 1317 ecclelioe
357 1235 451 1315 adeo
469 1234 712 1313 incommoda
737 1236 867 1337 fuerit,
892 1263 934 1315 vt
954 1240 1029 1319 fine
1049 1268 1185 1341 magna
1197 1246 1364 1321 molestia
1381 1244 1445 1321 ad·

94 1330 245 1419 ‘hiberi
258 1366 338 1419 non
356 1336 545 1439 potuisset:
572 1338 621 1411 ita
638 1335 864 1415 decimarum
882 1340 989 1417 vsum
1005 1342 1141 1419 Christi
1158 1342 1343 1445 ipfiusque
1356 1368 1446 1445 apo·

122 1440 307 1519 stolorum
324 1464 499 1541 tempore
518 1436 801 1538 praetermissum
826 1438 923 1537 esse,
957 1466 1035 1518 non
1058 1446 1143 1542 quia
1165 1470 1241 1521 non
1261 1442 1448 1535 debuerit,

120 1542 184 1621 sed
201 1544 289 1641 quia
302 1540 377 1617 fine
390 1564 531 1641 magno
548 1540 703 1639 negotio
717 1562 793 1613 non
808 1543 973 1636 potuerit
987 1540 1076 1618 lieri.
1141 1542 1189 1619 Et
1203 1546 1444 1643 quemadma-

122 1642 215 1719 rium
230 1642 457 1719 circumcistu
473 1638 628 1715 resumta
644 1636 772 1729 fuerit,
796 1638 942 1715 stmulac
958 1640 1117 1719 ecclesrtr
1131 1647 1227 1721 ratio
1249 1644 1285 1719 id
1303 1642 1444 1721 tulisset.

121 1745 171 1821 ita
183 1744 347 1821 decimas
362 1740 571 1819 instauratas
584 1736 704 1835 fuisl'e,
730 1736 877 1817 suuulac
888 1742 1046 1819 ecclesroe
1060 1746 1154 1821 ratio
1172 1742 1210 1819 id
1226 1746 1445 1843 permiserit.

119 1844 293 1923 Decimus
312 1846 412 1923 enim
430 1840 633 1921 commode
657 1838 737 1916 dati
754 1838 850 1917 haud
872 1840 994 1943 polle,
1019 1844 1083 1919 nili
1100 1846 1160 1921 vbi
1181 1847 1325 1945 integra
1347 1858 1445 1943 qute-

93 2004 98 2013 .
121 1946 209 2023 dam
223 1946 427 2045 respublica
443 1944 504 2019 vel
517 1966 677 2041 regnum
695 1942 924 2019 christianam
941 1945 1180 2045 amplesiatur
1201 1948 1444 2047 religionem,

121 2048 161 2125 bt
176 2048 239 2123 vbi
256 2044 484 2147 magistratus
497 2040 655 2117 eccleliae
679 2042 843 2135 faueant,
874 2046 1246 2145 quodapollulutum
1267 2052 1445 2145 tempure

121 2146 263 2225 fusium
277 2172 353 2221 non
369 2144 422 2221 lit.
470 2142 611 2217 Tribus
627 2142 724 2217 hisce
743 2144 945 2219 rationibus
962 2146 1114 2241 quidam
1134 2148 1204 2219 viri
1219 2145 1320 2219 dosii
1341 2148 1400 2221 aiii
1412 2166 1444 2205 ¹¹¹

149 2272 293 2323 uartam
320 2248 479 2343 aliquam
504 2240 633 2318 itidem
657 2240 809 2341 dignam
839 2263 966 2317 notatu
990 2244 1239 2341 addiderunt,
1280 2244 1444 2321 decimas

120 2274 310 2425 srttsluum
332 2346 533 2421 christianis
554 2340 803 2419 sacerdotibus
826 2362 905 2417 non
929 2344 1024 2419 adei)
1048 2370 1190 2421 mature
1211 2344 1330 2437 elatas,
1356 2348 1443 2443 qula

120 2452 217 2529 rutis
232 2448 507 2524 incolaevltimo
521 2448 607 2521 loco
624 2442 670 2517 ad
680 2442 867 2519 Christum
882 2444 1049 2521 conuerst
1064 2446 1218 2533 fueriut3
1242 2448 1441 2545 undeque·-

121 2574 196 2649 que
211 2574 350 2626 nomen
361 2572 559 2651 pugnurum
573 2545 989 2645 gentitibusatlhaeserit‚
1003 2546 1109 2645 quud
1123 2552 1294 2627 maximae
1307 2570 1443 2627 eorum

121 2656 175 2730 rel
190 2654 287 2751 quiae
301 2656 341 2726 in
353 2654 449 2727 vulla
463 2652 502 2725 bc
515 2652 616 2747 agris
634 2650 815 2723 uiuerent.

713 2810 747 2911 §.
800 2814 862 2887 lll.
949 2856 955 2865 ·

187 2940 268 3045 Qu
284 2952 446 3037 tempore
454 2936 620 3037 primum
634 2936 678 3011 in
691 2932 833 3035 erclefiu
841 2940 1057 3041 generatim
1072 2936 1383 3043 corstituraefint.

236 3104 365 3183 Quot)
388 3078 434 3155 ad
449 3079 616 3155 ultimam
628 3074 869 3175 quaestionem
888 3080 1035 3173 attinet,
1062 3104 1139 3177 quo
1155 3102 1229 3157 tem
1260 3106 1328 3159 ote
1343 3082 1440 3165 deci·

102 3209 195 3271 'mae
209 3189 374 3283 primum
391 3184 597 3281 generatim
615 3182 653 3251 in
675 3178 820 3253 ecclelia
840 3182 1023 3277 caeperint
1043 3181 1233 3257 constitui.
1274 3211 1442 3263 commt-

119 3294 180 3371 nis
195 3286 246 3365 est
258 3284 451 3375 sementia,
475 3280 578 3375 quoti
593 3278 726 3353 sarculo
747 3304 880 3375 quarto
898 3280 935 3353 id
958 3278 1092 3357 fusium
1108 3280 1168 3374 stt,
1195 3284 1346 3381 quando
1364 3314 1439 3363 ma.

120 3390 291 3495 gistratus
311 3382 467 3459 ecclestae
492 3378 618 3455 seuere
642 3402 858 3477 cceperuut,
889 3382 927 3455 ἃ
955 3384 1128 3457 mortius
1151 3386 1197 3455 ab
1221 3386 1438 3469 calmicismo

151 3488 328 3567 eneratim
340 3482 490 3557 fuerunt
504 3476 681 3555 conuetli.
731 3478 843 3571 Sunt,
869 3480 933 3577 qui
948 3486 1182 3581 crustuminum
1195 3504 1214 3543 n
1249 3509 1308 3561 ως
1323 3490 1435 3567 ecch„

119 3518 181 3673 ξω
196 3588 288 3669 solui
300 3588 386 3686 lege
406 3578 567 3681 quadam
581 3576 726 3673 iulstsle,
754 3600 894 3675 putant.
952 3584 1005 3658 lta
1030 3608 1088 3659 to.
1114 3608 1348 3663 uuuutcvs
1373 3614 1439 3667 rr.

749 3681 872 3779 ΝΜ
1244 3708 1439 3771 arturus

119 3828 786 3859 Μ..

161 3896 211 3975 m)
224 3892 285 3955 Fcll
302 3890 404 3951 notin
416 3886 556 3967 Cyprian.
570 3882 758 3963 episttxvt.
801 3876 962 3953 conatetfi3
1003 3880 1080 3941 rucle
1111 3890 1287 3961 paganorum
1325 3904 1438 3947 numen

118 3984 185 4049 all.
209 3982 288 4059 (pag
304 3996 361 4051 ¹70·
369 3976 430 4037 edit
447 3970 598 4033 Atuslclotl
617 3968 757 4047 MDCC.)
801 3968 927 4029 ethnicis
939 3966 994 4026 adli
1007 4012 1011 4021 .
1022 3964 1055 4027 lit

120 4067 217 4129 Setius
230 4060 350 4141 quidem
361 4060 489 4121 decimas
508 4076 544 4115 ctt
557 4054 697 4115 licttiibus
712 4074 757 4113 ac·
843 4055 881 4119 ul
908 4052 1005 4115 Alliecl
1050 4048 1191 4145 supplem.
1218 4052 1360 4116 Clmmicr.
1397 4058 1436 4119 tle

119 4148 268 4229 cipiebant
284 4142 442 4207 sacerdotes
459 4140 621 4211 christiani,
633 4139 700 4217 quir
711 4160 756 4199 ru·
800 4138 942 4199 membris
960 4140 1089 4197 ceclcl.c
1112 4140 1136 4197 Χ
1156 4160 1184 4199 n.
1198 4142 1249 4199 lli.
1293 4146 1436 4203 Herman-

119 4238 161 4299 ris
173 4232 297 4305 incolat,
322 4233 433 4311 quique
454 4228 661 4311 agriculturam
679 4244 756 4284 exer·
799 4246 855 4285 nus
868 4224 957 4303 Gigas
972 4228 1071 4283 atti-lut
1082 4222 1137 4293 est,
1150 4224 1379 4288 Constantinum
1389 4232 1435 4287 Μ.

121 4318 245 4395 cebant,
263 4334 327 4379 nen
349 4312 407 4381 nili
420 4312 484 4379 sero
505 4312 543 4377 ad
563 4310 654 4377 fidem
675 4326 756 4373 etant
799 4292 969 4389 precepisse,
979 4308 1055 4368 etde
1066 4306 1153 4371 rebus
1166 4310 1434 4375 omniburdccimae

261 4416 264 4421 ·
293 4402 307 4419 “·
797 4392 923 4459 ecclesiis
935 4394 1075 4459 eruribus
1087 4392 1278 4459 soluerentur.
1346 4462 1351 4471 ,

859 3826 954 3839 ...-
980 3824 1201 3841 —n-w-
1224 3826 1432 3845 ...ι-Ἥ

196 4586 234 4682 4
