3480 4836
345 270 348 275 .
606 234 627 273 1
1275 244 1279 251 “

211 311 287 392 374
332 298 562 365 nutatura
585 289 1016 364 acrtrarasrrcaauat
1046 317 1128 367 atr.
1154 318 1208 367 vt.
1233 318 1324 369 cat.
1351 321 1419 371 rm.

221 431 230 442 .
263 420 1524 455 ......--.---,----.---.-..-.................

213 472 326 581 solet,
351 488 594 564 accusationes
616 480 680 555 sibi
701 479 890 554 manifesto
913 485 1114 559 contrarias
1137 484 1307 565 aduersus
1333 516 1419 567 eum
1441 516 1529 570 attu-

214 582 346 667 ierunt.
398 586 583 660 Nonnulli
606 582 724 678 ipsum
737 579 951 654 'l'rirbeismi
968 582 1185 668 accusabant,
1201 588 1305 680 quod
1318 590 1529 671 dostrinam

214 691 264 768 dc
286 690 400 763 tribus
422 680 673 782 hypostasibus
694 704 822 755 contra
844 678 1027 751 Sabellarum
1055 683 1295 775 defenderet3
1322 692 1383 766 alii
1407 692 1529 767 Samii-

215 788 364 890 rlauisrai
384 785 455 861 stue
478 781 731 858 heterodoxis
754 784 792 853 in
815 780 969 854 articulo
1000 781 1046 855 de
1070 783 1203 861 deitate
1234 785 1380 884 spiritus
1401 792 1528 887 sansii,

218 898 303 991 qnia
335 896 372 962 in
399 882 542 962 eccl-esta
570 879 627 955 sua
658 903 936 975 nonnumquam
965 878 1170 981 doxologia
1201 887 1373 966 utebatur
1399 894 1442 967 ab
1468 920 1528 981 ea,

217 1018 300 1088 qaae
317 992 352 1062 in
375 989 451 1063 aliis
475 982 629 1058 ecclesiis
645 978 767 1054 vsttata
789 1001 880 1062 erat,
909 979 1144 1076 discrepante.
1210 986 1283 1061 Alii
1295 990 1420 1070 rursus
1432 1003 1528 1069 Aria-

216 1089 313 1190 atisrni
327 1112 412 1166 eum
438 1082 704 1166 insimulabant,
729 1080 815 1174 quia
837 1082 1029 1175 Erqsathltou
1052 1081 1242 1181 Sebastenam
1269 1090 1351 1187 post
1371 1093 1457 1169 fidei
1473 1122 1526 1173 ca.

216 1194 363 1268 tholictc
386 1183 648 1284 professionem
669 1180 707 1252 in
733 1183 1035 1253 commuttionem
1067 1207 1274 1283 receperam
1314 1193 1375 1267 alii
1406 1195 1527 1295 ipsum

217 1317 302 1366 curn
322 1290 495 1388 Apollinari
518 1281 692 1355 haeretico
705 1278 897 1353 amicitiam
917 1280 1039 1355 colere
1056 1281 1285 1377 disbtabant,
1308 1293 1414 1389 quod
1435 1320 1526 1372 non·

214 1410 418 1486 numquam
431 1387 578 1470 litteras,
592 1374 783 1454 occasione
799 1379 848 1451 ita
867 1376 1018 1472 fetente,
1038 1382 1084 1455 ad
1099 1408 1181 1457 eum
1199 1386 1359 1466 dederat.
1423 1396 1525 1475 Eius·

216 1488 322 1567 modi
345 1483 533 1563 calumniis
553 1481 629 1555 duo
656 1478 709 1551 isti
734 1472 924 1553 summi&
943 1482 1081 1576 optimi
1104 1485 1176 1557 viri
1194 1489 1369 1565 malitiose
1397 1519 1525 1575 onera·

213 1593 365 1679 bantur,
386 1606 590 1679 eorumque
610 1577 863 1655 existimationi
883 1574 1149 1656 detrahebatur.
1202 1586 1278 1663 Pro
1301 1591 1430 1669 eadem
1448 1602 1524 1695 qui·

215 1694 304 1769 dem
330 1683 445 1763 caussa
466 1708 507 1759 ea
528 1680 654 1756 omnia
682 1677 983 1777 perpetiebantur
1012 1679 1151 1775 ambo,
1192 1685 1415 1769 hortamen
1440 1724 1525 1775 cum

216 1790 440 1876 discrimine,
464 1803 509 1859 vt
523 1782 648 1857 altera
673 1774 869 1850 mamsestis
884 1776 1047 1853 hostibus
1064 1802 1168 1858 extra
1189 1788 1403 1886 ecclesiam,
1433 1800 1523 1875 alter

215 1913 336 1966 autem
355 1886 544 1986 prarcipue
563 1904 582 1953 a
603 1874 827 1953 clandestinis
850 1876 1010 1951 hostibus
1031 1881 1068 1953 in
1088 1884 1233 1961 ecclesia
1260 1898 1520 1994 coaccipere13
1546 1904 1553 1917 '

214 2012 376 2088 quorum
399 1986 458 2057 bic
481 1978 641 2079 proinde
656 1974 807 2051 causs‘am
828 1974 950 2051 habuit
966 1977 1130 2055 dicendi:
1152 1992 1208 2057 Ha
1220 1992 1317 2089 plaga
1323 1993 1404 2092 fimi
1412 2051 1423 2085 ,
1447 2010 1520 2097 qm:

213 2091 269 2164 suis
287 2084 441 2191 percussio
455 2080 512 2178 fui
530 2091 566 2151 in
587 2078 676 2151 dotato
694 2084 872 2148 aurariam
889 2103 949 2147 aar.
1021 2078 1072 2155 Et
1096 2082 1151 2157 hae
1169 2083 1317 2184 qudem
1340 2100 1522 2177 eiusmodi

212 2214 317 2270 erant
339 2191 579 2273 tentationes,
605 2204 689 2276 quae
705 2197 846 2251 mentes
869 2174 1091 2256 infirmiores
1109 2209 1150 2256 ac
1170 2190 1411 2271 inconstantes
1426 2198 1521 2274 stan·

163 2326 167 2333 ·
211 2315 304 2393 gete
320 2288 358 2363 dc
374 2285 419 2363 ad
438 2279 672 2359 deserendam
696 2276 917 2375 religionem
937 2277 1037 2353 suam
1058 2283 1208 2382 adigere
1231 2314 1421 2392 poteram3
1456 2300 1520 2379 sed

210 2413 323 2467 vetus
350 2388 449 2463 zelus
469 2378 729 2458 tentationibus
751 2378 914 2473 superior
941 2377 1009 2470 est,
1034 2383 1076 2456 ἃ
1100 2388 1245 2482 plagas,
1282 2419 1364 2489 quae
1379 2398 1417 2474 ὃ(
1438 2404 1522 2483 ense

211 2494 249 2569 ἃ
267 2494 390 2589 lingna
409 2483 644 2581 infliguntur,
675 2478 812 2573 pariter
833 2477 1093 2578 aequaliterque
1114 2488 1236 2581 potest
1258 2516 1522 2597 contemnere,

210 2589 421 2668 sustentatus
439 2608 499 2671 ea,
522 2604 636 2678 quam
655 2575 822 2653 Christus
842 2580 879 2650 in
901 2582 1094 2678 euangelio
1112 2583 1176 2661 suo
1199 2589 1278 2683 dat,
1304 2596 1538 2680 consolatio.

211 2719 275 2771 ne:
303 2694 396 2762 Bruti
409 2694 521 2772 eritis,
547 2708 645 2780 quum
660 2706 714 2751 vos
730 2677 1087 2773 contriciitadsrrerint,
1114 2681 1152 2763 δ”
1161 2688 1316 2788 persecuti
1322 2695 1464 2794 suerint,
1477 2706 1517 2785 1²5

209 2802 397 2868 maturitates
411 2786 558 2858 dixerint
571 2781 702 2880 qtcidtu's
717 2784 793 2850 irrasi
813 2778 964 2877 adtrersus
983 2808 1040 2855 vos
1054 2805 1186 2886 propter·
1200 2819 1257 2864 aare.
1324 2804 1463 2876 Gaudete
1477 2804 1516 2885 θ’

209 2926 250 2967 cx
265 2898 382 2965 uitale:
408 2895 556 2984 quoniam
571 2910 689 2952 aliattes
702 2883 800 2976 vestra
816 2884 916 2951 mttlta
932 2886 1021 2980 estin
1032 2890 1122 2959 calis.
1169 2890 1380 2974 Istiusmodi
1397 2928 1520 2983 exem.

208 3001 269 3092 pla
283 2988 592 3069 commonstrant,
618 3006 664 3055 ne
678 2984 791 3077 ipsam
814 2983 965 3074 quidem
986 2987 1231 3068 innocentiam
1247 2996 1518 3084 hominesaca·

207 3090 355 3169 lumniis
368 3088 550 3159 immunes
570 3078 711 3178 semper
733 3080 903 3178 prestare
917 3082 1037 3183 posse,
1060 3086 1123 3163 sed
1138 3115 1420 3195 nonnumquam
1440 3106 1516 3185 casu

206 3192 291 3269 fieri
307 3209 431 3264 earum
459 3178 698 3260 occasionem.
775 3181 812 3252 T
813 3206 885 3256 unc
906 3207 1027 3259 autern
1047 3186 1084 3261 id
1102 3199 1295 3271 commodi
1315 3201 1442 3298 habet,
1471 3228 1517 3285 vt

206 3291 332 3371 debito
353 3287 435 3362 zelo
452 3280 646 3358 coniunsit
668 3280 761 3355 illius
774 3283 835 3357 vel
859 3284 1065 3383 grauiffime
1081 3300 1261 3388 prementi
1280 3306 1391 3378 oneri
1411 3332 1517 3385 num·

205 3419 316 3495 quam
339 3385 564 3478 succumbat,
587 3380 646 3456 sed
668 3377 810 3479 semper
832 3386 980 3460 tandem
1001 3387 1046 3463 de
1071 3416 1111 3465 ea
1131 3396 1361 3499 triumphet,
1394 3412 1448 3485 vti
1469 3432 1516 3489 ex

203 3500 273 3574 iam
289 3486 492 3594 propositis
506 3489 631 3560 animo
645 3481 770 3561 nostro
784 3488 962 3586 exemplis
977 3489 1155 3569 videmus.

291 3704 526 3784 ‘raptavit
551 3683 770 3777 artificium,
800 3712 878 3785 quo
890 3696 1031 3762 Arianos
1052 3691 1097 3767 ad
1123 3692 1374 3777 destruendam
1398 3704 1517 3791 fidem
1567 3751 1597 3803 ,0

201 3796 286 3874 vsos
298 3793 387 3883 esse,
413 3790 506 3881 dixi,
522 3808 599 3863 ctat
612 3784 788 3887 speciosus
801 3789 1014 3888 lludiipacis
1028 3798 1286 3874 acconcotdiae
1304 3827 1518 3900 pretextae,

201 3899 414 3994 Saqaciotes
428 3893 465 3967 dr
479 3889 667 3966 astutiores
681 3912 727 3963 ex
747 3888 832 3986 ipsas
854 3913 1026 3989 tempore
1046 3900 1254 3994 coadunati,
1292 3928 1368 3977 non
1388 3907 1517 3991 esseli-

200 3980 345 4073 bi'cuni
364 3992 533 4069 dostrina
554 3990 731 4065 catholica
745 3988 791 4064 de
811 3992 847 4065 Τ
849 3993 992 4069 tinitate
1013 3998 1087 4095 ipsa
1109 4002 1423 4099 controuersiam,
1461 4013 1499 4089 d·

200 4094 389 4174 saltabant,
422 4090 483 4165 sed
510 4114 652 4165 tantum
672 4087 708 4164 se
727 4088 869 4165 offendi
886 4096 992 4170 nouis
1008 4098 1080 4173 &a
1102 4097 1287 4198 scripturae
1306 4103 1370 4180 vsu
1386 4040 1545 4197 alien?

199 4192 343 4288 verbis,
360 4190 465 4287 quale
479 4188 521 4265 fit
533 4190 573 4261 τὰ
589 4188 756 4283 spasmos,
781 4189 1062 4293 confirljlantialis,
1087 4199 1277 4299 durarem,
1303 4229 1388 4304 quae
1403 4213 1519 4313 syn0.

1443 4317 1517 4401 dus
