3472 4844
405 328 481 415 4‘02
529 338 759 392 otioruvrt
784 312 1215 388 rcctn‘ertsrrennvu
1246 332 1327 380 ιιι.
1352 331 1409 382 vr.
1443 333 1533 383 ont.
1564 332 1622 385 tv.

424 434 1708 465 ..n-...ww

406 514 484 573 trun
499 493 594 568 ciuili
620 515 731 589 quam
751 490 898 565 militari
917 513 990 563 vna
1011 508 1094 560 cum
1113 483 1341 561 ecclesiastica
1363 486 1523 582 quadam
1545 487 1731 563 funilione

408 616 597 692 tamquam
616 592 745 680 rebus,
778 614 860 686 quae
884 587 988 663 stmul
1009 584 1202 661 consrstere
1221 609 1425 683 nequeant,
1451 611 1588 663 vacare
1610 586 1732 689 prohi-

408 694 490 770 beri
505 691 669 766 statuunt.
722 711 943 765 nvsnn1vs
965 707 983 745 0
1008 710 1053 762 ex
1067 684 1217 783 epistola
1231 688 1377 759 concilii
1393 691 1609 777 Antiochem',
1636 686 1734 787 quod

412 797 511 872 Paulo
524 789 726 885 Semofhrmfi
739 787 987 887 episcopatum
1002 786 1218 885 abrogauit,
1244 784 1378 873 docet,
1406 789 1503 862 inter
1524 790 1595 863 alia
1620 790 1655 861 ei
1679 786 1735 863 nh·

411 893 503 969 iecit
525 915 679 966 crimme
702 892 777 964 hoc
800 890 910 963 etiam
932 884 1053 975 fuisse,
1088 883 1192 980 quod
1213 882 1379 980 fiectrlares
1396 887 1526 987 gessert‘t
1545 888 1724 988 dignitates

415 988 454 1072 εἴ
466 992 657 1064 ducenarius
672 999 780 1062 vocari
795 1014 892 1088 quam
905 982 1058 1087 episcopus
1072 988 1233 1056 ntalurrit.
1313 991 1493 1059 Ducemrir‘
1510 990 1610 1063 inter
1627 996 1675 1063 Ro

414 1120 472 1172 nos
488 1115 590 1167 erant
609 1090 734 1166 ciuiles
750 1086 900 1188 quidam
922 1082 1092 1175 ministri,
1120 1088 1167 1158 ita
1191 1083 1300 1173 dicti,
1325 1087 1428 1183 quod
1441 1086 1601 1164 ducenta
1622 1086 1726 1165 sester

415 1192 585 1268 tiaunnui
600 1190 714 1265 salarii
736 1189 887 1262 nomine
907 1184 1133 1282 accipiebant
1147 1207 1166 1255 a
1181 1186 1370 1283 principe,
1394 1206 1435 1263 vt
1455 1211 1476 1263 e
1499 1210 1652 1265 bruun
1676 1214 1716 1265 o·

418 1291 570 1368 seruate
594 1309 821 1364 nnunrcvs
846 1306 1070 1361 vitestvs.
1122 1282 1568 1383 Ethocuperteindicnt,
1586 1286 1736 1365 istoru

421 1413 604 1465 canonum
630 1392 872 1462 intentionem
893 1382 1014 1473 fullle,
1042 1405 1084 1458 vt
1106 1383 1260 1459 clericos
1282 1409 1360 1459 non
1384 1389 1505 1462 minus
1526 1411 1547 1459 t
1572 1390 1736 1465 ciuili·

421 1512 532 1588 quam
546 1487 759 1563 militaribus
774 1483 902 1561 officiis
918 1482 1170 1581 prohiberent.
1237 1483 1401 1561 'lantum
1425 1489 1464 1561 in
1486 1488 1727 1589 extraordint'

419 1591 484 1668 riis
503 1586 719 1684 quibusdam
736 1584 890 1679 casibus,
913 1583 974 1657 vbi
990 1582 1034 1657 ad
1048 1579 1195 1657 summae
1210 1582 1422 1661 neceffitatis
1437 1590 1497 1661 vel
1512 1590 1676 1667 caritatis
1691 1586 1735 1667 ι’.

421 1689 559 1766 tinebat
575 1689 788 1787 negotium,
813 1708 929 1761 vnum
947 1683 1006 1757 vel
1020 1682 1096 1757 duo
1111 1685 1279 1778 exempla
1296 1687 1521 1775 inuenimue,
1541 1686 1650 1785 quod
1674 1725 1678 1730 ·
1697 1692 1723 1752 ι’

420 1786 554 1881 scopus
578 1789 705 1883 aliquis
727 1782 998 1863 ecclesrasticum
1017 1781 1178 1857 &ciuile
1202 1780 1366 1859 officium
1394 1786 1468 1863 fine
1493 1788 1569 1865 vlla
1590 1788 1685 1865 cens
1698 1788 1731 1887 'J

420 1886 574 1963 iunstim
591 1885 901 1961 adrninistrnuerit.
968 1880 1300 1982 Qemndmodum
1315 1881 1361 1959 de
1383 1886 1518 1963 celebri
1535 1888 1645 1963 Iacobo
1658 1899 1721 1965 p

421 1985 501 2084 lenfi
517 1986 683 2061 obierunt
701 2004 1035 2059 rnrouonrrvs
1052 2001 1091 2068 (t,
1117 1980 1220 2078 quod
1236 1978 1344 2061 fuerit
1360 1984 1485 2084 episco
1514 1990 1717 2069 usberellu

422 2084 554 2161 redux
574 2084 705 2182 Nifilis,
732 2082 790 2159 seu
805 2084 976 2156 Antiochiae
993 2080 1188 2181 Mygdoniae,
1215 2082 1318 2157 vrbis
1340 2089 1379 2160 in
1397 2012 1566 2167 mollitio
1589 2094 1692 2189 impe
1712 2090 1734 2109 ''

421 2183 593 2281 Peefirrum
610 2210 650 2259 ae
665 2194 878 2260 Romasrorum
892 2180 975 2257 sttae.
1037 2206 1371 2263 'rnnononnrvs
1397 2212 1482 2263 eutn
1501 2214 1542 2266 re
1572 2188 1711 2269 raesent

419 2306 609 2383 tamquam
620 2288 742 2360 virum
755 2339 767 2377 ,
790 2281 1229 2383 poffidentemunngnnm
1255 2287 1292 2356 in
1319 2290 1435 2385 patria
1453 2286 1514 2363 sut
1536 2214 1674 2367 gmatn
1696 2316 1736 2369 t

421 2386 727 2461 existimationem
743 2384 792 2461 ob
808 2400 945 2480 patrata
962 2381 1006 2457 ab
1024 2380 1060 2457 se
1082 2382 1272 2478 miracula,
1297 2386 1430 2480 quibus
1452 2388 1584 2466 vrbem
1601 2416 1620 2467 n
1637 2398 1703 2467 Per

420 2483 595 2560 obsellnm
611 2485 801 2579 aliquoties
817 2482 1063 2556 subleuauerit.
1137 2480 1184 2554 Et
1207 2483 1378 2561 credibile
1395 2486 1466 2583 est,
1488 2491 1736 2587 imperator

422 2587 654 2681 Constantinum
668 2609 707 2657 ac
724 2584 934 2681 corrjlantium
948 2581 1054 2656 huius
1073 2580 1127 2655 rei
1142 2581 1273 2657 intuitu
1293 2585 1433 2683 ipsum,
1454 2608 1639 2685 tamquam
1663 2591 1735 2668 ho·

420 2690 561 2760 minem
580 2684 625 2759 nd
643 2682 825 2759 [rollando
839 2683 991 2757 ciuitatis
1007 2678 1252 2779 gubernacula
1265 2688 1436 2783 apprime
1449 2684 1641 2777 idoneum,
1657 2691 1733 2769 ele·

376 2806 383 2813 ·
419 2782 530 2900 gille,
563 2783 667 2884 quod
690 2787 793 2860 locus
814 2779 900 2859 ellet
915 2805 1053 2880 magno
1076 2782 1243 2879 periculo
1269 2786 1474 2881 obnoxius,
1499 2788 1537 2867 &
1559 2787 1731 2887 Perfhrrrm

419 2882 686 2959 incursionibus
701 2885 855 2957 nimium
875 2904 1053 2979 quantum
1074 2878 1269 2977 expofitus.
1323 2882 1723 2985 istiusmodinutetnex

417 2984 540 3083 empla
551 2986 590 3059 in
602 2986 748 3082 antiqua
762 2980 911 3058 historie
925 2980 1100 3058 rariffime
1117 2982 1360 3061 inueniuntur.
1491 2980 1502 3003 ‘

1003 3131 1038 3234 §-
1089 3133 1133 3212 x.

529 3251 664 3360 Leges,
674 3249 919 3359 qun'elericos
933 3273 1081 3327 tutores
1096 3256 1161 3332 vel
1170 3277 1362 3336 curatores
1366 3258 1460 3365 ficri
1468 3282 1619 3346 vetant.

513 3410 775 3465 uounvttts
800 3383 1033 3487 temporibus
1059 3411 1101 3463 ec
1120 3388 1212 3467 locis
1233 3393 1335 3493 leges
1358 3394 1516 3475 ecclefiae
1536 3398 1608 3475 buc
1625 3400 1664 3477 in
1687 3422 1728 3477 re

419 3510 494 3569 tatn
508 3488 639 3591 rigidae
653 3510 755 3568 erant
763 3544 774 3585 ,
797 3509 838 3566 vt
854 3486 1068 3589 episcopum
1084 3490 1144 3568 vel
1153 3492 1410 3594 presbyterum
1427 3500 1617 3593 cuiusdam
1631 3498 1730 3578 testu·

1613 3603 1729 3681 menti

414 3822 516 3907 ignor,
538 3830 583 3891 vis
594 3831 673 3891 enirn
693 3831 812 3893 canonis
828 3830 860 3890 in
875 3851 906 3893 ee
920 3830 965 3894 his
978 3828 1046 3895 solit
1088 3832 1167 3897 notis
1175 3838 1211 3899 ad
1221 3839 1369 3903 historiam
1378 3844 1550 3927 Augustam.
1590 3850 1641 3913 Sic
1653 3852 1730 3913 dice·

413 3913 507 3975 terbis
517 3914 680 3987 exhibetur,
695 3909 968 3998 lrgrlrlwnbiqec.
1089 3920 1195 3981 bantur
1206 3942 1413 4003 procuratores,
1428 3932 1480 4011 qni
1494 3934 1621 3995 ducenta
1634 3934 1729 3999 sellet-

455 3998 492 4074 ο)
513 4000 616 4060 Enseb.
628 4000 679 4060 lib.
693 4004 758 4061 vn.
778 4022 801 4063 c.
809 4004 889 4062 XXX.
906 4026 935 4083 p.
946 3998 1045 4085 molli.
1088 4007 1128 4067 tio
1145 4010 1236 4069 annui
1256 4008 1347 4073 solani
1367 4016 1490 4077 numine
1509 4018 1728 4101 accipiebante

409 4079 538 4152 λοιμικαὶ
550 4079 688 4157 ἆξιᾶμιιἹιι
698 4084 869 4161 nxcivlpctm,
889 4090 935 4147 trel
946 4082 1049 4149 luterni·
1088 4092 1228 4173 principe,
1243 4112 1274 4157 vt
1284 4096 1360 4159 clare
1370 4098 1456 4163 docet
1465 4102 1527 4165 Dio
1538 4104 1573 4164 ln
1587 4106 1726 4171 lib-Ull-

409 4190 458 4248 gut
467 4170 573 4238 μᾶλλον
589 4160 744 4234 lireio-mos
756 4167 841 4230 θῖλυι
853 4174 999 4236 xenonas.
1088 4197 1153 4260 pag.
1167 4185 1229 4252 506.

452 4252 490 4333 p)
508 4248 602 4310 Vries.
616 4251 712 4313 inloc.
753 4259 800 4317 De
809 4260 1044 4334 procuratoribus
1127 4264 1161 4341 q)
1175 4264 1332 4345 Theodoe,
1341 4262 1383 4329 lib
1399 4240 1564 4335 stelblx.
1611 4274 1728 4355 Νίσιβις,

407 4338 566 4407 &tremit
576 4334 650 4417 vide,
664 4356 729 4419 quae
740 4334 1043 4424 setipfitStlmttfiutin
1082 4337 1109 4414 it
1119 4350 1269 4429 Αιτιὸχιιιιι
1283 4358 1434 4430 nyltn'aet
1445 4358 1508 4463 {⁹³⁵
1519 4360 1690 4445 ὅιομιίζισιι,
1703 4370 1727 4429 ir
