3472 4844
212 328 1533 421 orciriic.iuuruiririirsnisircrvruituros.rrciriirvunirurrc.257

209 504 247 581 ὅ(
263 506 441 601 ostendit,
462 508 565 587 tuille
584 508 680 584 hanc
695 508 921 586 constantem
942 510 1110 613 regul-am
1133 514 1271 591 ultimis
1291 520 1437 616 imperii
1452 529 1528 595 Con-

195 608 334 707 stantini
347 613 597 710 temporibus,
619 610 759 686 nullum
772 636 818 687 ex
833 613 991 705 clericis,
1012 616 1076 710 qui
1092 617 1317 712 patrimonio
1333 618 1527 705 instrustus

202 708 312 807 esset,
328 713 373 789 ab
390 712 571 789 obeundis
583 712 740 815 publicis
754 714 1129 914 ἰτιξρετὶίἑθιίυηετὼιιε
1146 720 1319 799 eximere.

261 920 379 1027 Leges
393 914 649 1002 Constantini
671 915 946 1025 useqtientilur
963 920 1251 1025 imperatoribus
1266 930 1307 1005 itt
1320 929 1470 1035 ecclifiae

550 1039 725 1140 gratiam
736 1032 938 1135 paullulum
957 1038 1177 1115 innutrita.

319 1166 583 1242 qvxuiqviii
608 1164 730 1220 autem
746 1143 851 1217 initio
870 1140 944 1217 lioc
969 1141 1087 1241 ipsum
1114 1142 1271 1224 fortassis
1291 1148 1375 1227 ideo
1393 1154 1525 1233 consti·

201 1242 271 1321 tuit
289 1248 523 1343 Couslmu'mis,
552 1267 593 1319 vr
619 1242 839 1340 quibusdam
865 1241 1029 1319 abusibus
1051 1270 1285 1341 occurreret,
1310 1250 1525 1337 succedente

201 1366 326 1423 tamen
341 1370 514 1447 tempore
529 1343 688 1420 ecclesa:
702 1344 790 1419 illud
810 1343 1035 1421 detrimento
1056 1346 1195 1424 exllitir.
1246 1352 1330 1426 Hac
1351 1357 1449 1431 enim
1469 1383 1524 1435 ra·

201 1449 306 1526 tione
322 1449 534 1549 presbyteri
549 1446 586 1522 bt
602 1446 766 1530 diaconi,
792 1470 909 1542 quum
929 1448 1062 1547 viginti
1075 1448 1134 1523 vel
1154 1451 1304 1551 triginta
1320 1457 1524 1539 inecclefiae

187 1550 407 1626 ministerio
429 1572 547 1625 annos
561 1546 859 1649 transegissent,a
876 1546 1044 1647 litigiosis
1061 1548 1274 1629 hominibus
1292 1556 1336 1629 ad
1353 1558 1524 1639 obeunda

202 1651 319 1727 ciuilia
337 1676 509 1745 munera,
536 1674 620 1746 quie
642 1675 727 1725 cum
750 1647 991 1725 ecclesiasticis
1012 1648 1206 1728 consistere
1227 1654 1330 1730 simul
1346 1684 1423 1735 non
1439 1687 1524 1762 pot·

202 1775 326 1845 erant,
356 1752 650 1853 deposcebantur
671 1752 841 1849 adeoque
869 1750 1140 1827 eccleliasticam
1168 1754 1268 1831 suani
1291 1758 1524 1845 sunslionem

201 1852 369 1931 deserere
382 1853 623 1955 cogebantur.
676 1853 770 1927 Haec
782 1875 879 1929 tauta
894 1873 971 1929 erat
982 1855 1291 1954 incommoditas,
1318 1862 1525 1965 vtsequen-

201 1957 295 2032 tium
311 1959 580 2057 imperatorum
600 1954 750 2033 deceret
771 1955 1003 2055 sapientiam,
1026 1954 1186 2053 praescus
1203 1961 1236 2036 ei
1252 1964 1459 2045 remedium
1474 1972 1525 2047 in·

201 2060 350 2133 venire:
386 2058 423 2132 id
447 2058 549 2155 quod
567 2056 734 2134 fecerunt
758 2054 882 2157 legem
903 2060 1096 2155 Cotisluuu'ui
1119 2060 1351 2142 moderando
1372 2070 1524 2169 eiusque

200 2162 372 2260 rigorem
388 2156 674 2258 quodammodo
685 2158 952 2233 imminuendo.
1030 2160 1128 2234 Non
1149 2166 1249 2237 enim
1265 2167 1426 2242 ciuilium
1444 2172 1523 2248 offi-

201 2260 348 2337 ciorum
369 2286 483 2337 onera
505 2260 725 2335 clericorum
745 2258 932 2356 personis,
957 2258 1019 2333 sed
1038 2284 1167 2336 eorum
1183 2282 1321 2339 tantum
1337 2268 1523 2365 possellio·

202 2363 322 2459 nibus,
343 2362 389 2439 rid
410 2362 597 2439 eccleliam
613 2359 710 2436 haud
730 2358 996 2459 instantibus,
1024 2360 1299 2460 imposuerunt,
1320 2368 1362 2445 dx
1383 2371 1420 2447 in
1442 2377 1522 2474 qui·

200 2462 358 2544 busdam
374 2464 509 2540 casibus
529 2460 634 2538 hasce
658 2465 767 2539 etiam
790 2482 1016 2539 exemerunt.
1084 2468 1277 2568 cousinium
1294 2495 1430 2552 omnes
1448 2480 1523 2577 epi.

200 2563 359 2669 scopos,
382 2590 457 2644 tani
474 2563 577 2663 quod
592 2562 637 2641 ad
648 2564 822 2664 personas
840 2564 1117 2663 quamquodad
1128 2566 1363 2667 polleffiones
1378 2601 1523 2675 eorum,

202 2668 249 2745 ab
264 2670 338 2747 lioc
353 2693 469 2748 onere
485 2672 669 2743 immunes
685 2666 755 2743 else
771 2664 874 2742 iullii.
952 2666 1010 2741 Ex
1024 2668 1100 2743 eius
1117 2673 1217 2745 enim
1236 2673 1413 2773 legibusr
1437 2681 1522 2779 pos-

198 2770 371 2849 sessiones
393 2772 469 2846 suas
485 2772 650 2844 retinere
668 2791 869 2867 poterant,
901 2792 973 2842 nec
994 2789 1118 2845 rameii
1136 2771 1281 2870 ipsimet
1302 2779 1420 2853 ciuilia
1445 2806 1522 2858 mu·

158 2869 179 2885 ”
198 2898 289 2951 nera
308 2872 426 2957 obire,
441 2896 510 2945 uec
526 2870 637 2944 alium
654 2872 869 2970 quempiam
884 2868 1056 2945 inlocum
1075 2872 1180 2947 suum
1195 2872 1409 2956 substituere
1425 2903 1522 2963 teiie·

197 2974 342 3050 bantur.
393 2971 554 3049 Etidem
577 2973 815 3073 priuilegium
841 2970 1071 3073 presbyteris
1098 2995 1208 3073 atque
1218 2974 1388 3057 diaconis
1409 2984 1446 3062 dt
1467 3010 1522 3068 re·

199 3076 310 3176 liquis
329 3074 504 3153 omnibus
530 3071 705 3171 indulsit,
743 3073 889 3149 sicutia
915 3072 1171 3151 consentiente
1195 3080 1417 3181 populoque
1442 3092 1522 3166 vni.

198 3176 310 3256 verso
330 3200 527 3277 expetente
550 3174 661 3253 essent
682 3174 854 3253 ordinati.
935 3174 1101 3269 Quodsi
1127 3202 1220 3255 veto
1239 3205 1281 3256 ea
1303 3187 1445 3266 ratione
1461 3218 1521 3269 or·

193 3278 315 3357 dinati
339 3279 436 3357 haud
456 3280 624 3367 suerint,
657 3276 840 3377 quidquid
862 3274 983 3353 facere
1001 3302 1066 3355 eos
1088 3302 1167 3356 tum
1185 3285 1415 3384 oportebat,
1447 3292 1522 3371 linc

194 3405 302 3473 erat,
335 3406 376 3457 vt
393 3377 653 3481 posseffionum
679 3380 823 3454 suarum
843 3377 933 3453 duas
954 3402 1078 3477 partes
1097 3384 1221 3459 tertias
1242 3410 1326 3459 cum
1346 3386 1430 3467 filiis
1448 3392 1520 3473 suis

190 3505 260 3565 aut
281 3484 561 3583 propinquitate
575 3483 760 3580 proximis
780 3481 1025 3579 partirentur,
1059 3507 1200 3581 eosque
1213 3488 1250 3560 in
1269 3488 1394 3565 locum
1416 3494 1521 3574 suum

195 3585 468 3667 substituerent:
495 3581 609 3659 velut
632 3582 690 3657 his
711 3578 963 3657 desidentibus
987 3578 1076 3658 duas
1101 3584 1287 3663 bonorum
1311 3616 1434 3689 partes
1461 3623 1520 3671 cu-

196 3694 265 3769 riae
279 3688 503 3779 redderent,
519 3686 624 3761 tertia
638 3680 865 3783 sibimetipsis
878 3681 1067 3760 reseruata.
1124 3690 1363 3765 lliluutuinuu·
1379 3695 1442 3771 sub
1456 3700 1520 3775 im·

198 3794 297 3895 perii
315 3791 368 3868 lui
388 3791 489 3867 initia
508 3812 590 3864 unii.
610 3788 684 3865 nati
702 3784 840 3867 Christi
862 3784 1099 3863 CCCLXIV.
1122 3787 1245 3889 legem
1272 3790 1372 3871 illam
1396 3800 1520 3899 paullo

1412 3926 1520 4002 scuit,

197 4046 1520 4085 F--ffl——Q

242 4154 282 4234 y)
304 4146 504 4214 CodTlicod.
518 4144 692 4206 lib.Xll.tii.
701 4146 724 4205 1.
745 4142 838 4205 dede·
882 4140 1089 4236 coustitutum,
1117 4133 1324 4239 nullusaedtgqt
1344 4148 1519 4229 mancipare,

199 4236 369 4305 auiioiiibus
384 4236 440 4317 leg.
449 4236 546 4295 XLIX.
574 4232 670 4293 Solum
685 4232 836 4313 tpistopum
881 4230 929 4290 led
946 4226 1061 4288 tuitillcs
1075 4244 1205 4303 mutuat,
1222 4250 1277 4293 uec
1295 4232 1380 4295 saciat
1393 4231 1519 4299 substan·

189 4322 353 4415 facultates
360 4320 432 4399 suai
445 4322 550 4394 curiae,
561 4316 633 4383 sicut
646 4338 729 4383 autea
744 4318 836 4381 literar
881 4318 927 4380 titt
942 4314 1107 4379 cessionem.

245 4405 382 4511 Bingh.
400 4404 540 4485 Volll.
945 4396 1016 4479 xk
1104 4404 1108 4409 ’
