3472 4844
57 316 261 403 on'mrscon·
276 342 450 393 cremnon.
465 336 897 391 ammanuensium
908 335 1077 386 ommis.
1097 336 1380 415 oneraverunt„

57 444 1372 479 ...-...............---.--.-.-.--..-.

59 506 229 602 ferente,
260 501 465 608 peragendi
503 499 657 575 habebat
690 497 956 573 ausloritarem.
1039 498 1373 599 Qremadmodum

58 614 245 713 Athanafirg
271 608 310 683 ἃ
334 602 483 704 Enselim
509 598 688 698 Samofirten
702 625 730 671 rr
762 607 890 672 Ariana
918 596 1063 674 haerefis
1090 606 1202 701 longe
1227 601 1373 698 lateque

57 710 282 788 dominantis
301 730 473 804 tempore
494 703 680 790 fecerunt,
701 699 918 789 ,ordinantes
939 700 1195 799 episcopos&
1217 704 1371 801 presby·

57 834 161 889 teros
178 815 215 885 in
231 830 464 905 quacumque
485 804 676 903 prouincia
689 802 747 875 vel
764 799 928 895 diocesi,
953 803 1056 896 (licet
1071 826 1153 876 cum
1168 802 1287 878 littera
1306 801 1372 877 hu·

56 914 115 989 ius
129 915 161 987 le
194 911 280 987 isid
296 910 518 1008 pugnarea)
541 928 627 978 eum
643 900 795 999 quidem
816 905 852 975 in
873 900 1009 994 finem,
1032 924 1071 977 vt
1087 900 1179 980 fides
1195 901 1374 979 catholica

57 1013 98 1091 dt
116 937 420 1090 ordiodoxorum
438 1007 634 1081 hominum
653 1001 823 1078 suceellro
848 1001 1137 1079 conseruaretur.
1158 1052 1161 1057 -
1201 1005 1253 1077 Vt
1277 1002 1373 1080 adeo

59 1114 143 1187 haec
169 1112 296 1215 regula
324 1102 584 1184 tantummodo
604 1103 714 1179 fuerit
733 1128 806 1204 pro
828 1103 1091 1180 communibus
1116 1105 1155 1181 ἃ
1176 1103 1373 1180 ordinariis

59 1213 209 1289 casibus.
259 1212 307 1288 Et
325 1213 362 1284 in
379 1218 498 1310 snpra,
523 1230 772 1280 arrrnnuro
798 1203 999 1295 testanred‚
1025 1205 1105 1280 haee
1123 1206 1250 1305 regula
1263 1206 1373 1303 plane

61 1339 141 1390 non
158 1314 224 1389 fuir
239 1312 448 1399 obseruata,
474 1305 535 1382 sed
554 1309 673 1402 quiuis
695 1303 889 1406 episcopus
911 1307 948 1378 in
964 1328 1183 1402 quacunque
1203 1308 1270 1381 alia
1285 1305 1374 1380 dior·

63 1414 136 1491 celi
160 1412 372 1490 ordinabat,
404 1428 520 1508 prout
547 1404 731 1482 necessitas
757 1405 831 1480 hoe
853 1408 1077 1503 requireret,
1103 1408 1141 1483 de
1163 1405 1200 1481 id
1224 1406 1376 1502 quidem

61 1516 220 1591 caritatis
235 1513 392 1587 vinculis
405 1509 558 1582 minime
570 1509 698 1604 ruptis.
744 1506 849 1580 Nam
870 1508 1084 1607 generalem
1098 1506 1295 1607 quamdam
1315 1530 1378 1583 ve·

61 1617 162 1690 niam
177 1612 242 1687 sibi
259 1613 416 1686 inuicem
432 1607 670 1696 indullerant,
694 1626 755 1698 vt,
773 1607 1093 1702 quemadmodum
1108 1606 1265 1684 ecelesrae
1279 1606 1378 1683 istius

60 1717 269 1814 prouinciae
284 1714 455 1787 omnium
478 1708 638 1782 maxime
658 1707 870 1804 expediret,
898 1707 1081 1786 eiusmodi
1097 1708 1263 1785 libertate
1281 1710 1380 1784 inter

61 1815 135 1891 sese
154 1837 285 1889 mutuo
307 1830 516 1893 uterentur3
551 1805 614 1883 etsi
633 1810 825 1909 priuilegia
851 1809 911 1883 lua
934 1807 1105 1885 aduersus
1124 1812 1292 1886 omnium
1315 1831 1380 1906 pe·

62 1918 300 2016 regrinarum
319 1908 477 1999 sedium,
495 1907 533 1984 ἃ
557 1907 744 2009 speciatim
766 1912 976 2000 Antiocheae,
1002 1909 1207 1992 inuasrones
1233 1909 1380 1989 sheuue

59 2016 264 2177 tuebffipur.
286 2156 292 2165 Ο

656 2165 688 2263 §.
740 2161 804 2241 Vi

208 2278 382 2389 Qatnor
393 2272 624 2378 sollemnium
641 2296 844 2380 temporum
859 2277 1113 2360 ordinationis
1128 2285 1246 2392 origo.

180 2427 384 2482 rnoxrua
409 2400 559 2479 nuncin
574 2401 818 2504 hocnegotio
836 2404 1144 2485 considerandum
1165 2411 1216 2489 est
1237 2432 1386 2512 tempus

69 2510 109 2587 dt
125 2509 228 2585 locus
244 2506 499 2581 ordinationis.
552 2503 611 2580 De
627 2508 913 2602 temporevarie
956 2509 1050 2586 otest
1073 2511 1207 2589 institui
1230 2512 1384 2613 quaestio

68 2610 98 2685 1.
114 2612 176 2686 An
190 2606 336 2686 ecclefia
348 2605 548 2703 antiquitus
569 2623 667 2679 certa
682 2605 721 2680 ἃ
735 2603 861 2681 statuta
874 2533 1118 2689 ordinationis
1134 2634 1306 2714 tempora
1325 2614 1388 2690 ha·

68 2711 207 2802 buerit,
233 2711 289 2785 vti
302 2729 401 2782 nunc
414 2726 574 2800 quatuor
588 2727 760 2804 tempora
774 2731 843 2806 per
861 2732 999 2787 annum
1013 2712 1149 2790 habet?
1171 2715 1215 2788 ll.
1232 2720 1292 2789 An
1308 2714 1388 2792 dies

69 2812 279 2891 dominicus
296 2806 440 2903 semper
461 2802 571 2880 fuerit
592 2805 818 2882 ordinationi
842 2810 1085 2890 constitutus?
1128 2816 1185 2890 lll.
1209 2816 1270 2889 An
1287 2813 1390 2891 ordi·

70 2916 240 2992 nationes
257 2908 403 3006 semper
422 2902 469 2980 ad
492 2906 705 2984 matutinam
727 2909 912 3009 liturgiam
934 2912 1071 2991 fuerint
1091 2914 1292 3018 adligatae?
1326 2914 1391 2994 Ad

102 3017 232 3091 rimam
247 3005 490 3109 quaestionem
506 3007 609 3103 quod
623 3011 762 3093 attinet,
770 3035 848 3086 non
862 3010 1182 3110 liquet,eccles1am
1190 3042 1272 3098 ante
1281 3019 1391 3095 saecu·

65 3041 151 3205 ,llam
171 3134 343 3215 quartum
372 3130 471 3187 certa
490 3112 578 3184 anni
604 3130 777 3209 tempora
797 3111 1021 3191 ordinationi
1037 3118 1201 3196 statuisse.
1279 3146 1394 3199 tsna-

74 3242 131 3295 co
153 3219 253 3291 enim
276 3235 486 3288 HABERTO
519 3209 845 3290 retteobseruante
859 3235 897 3299 e,
922 3213 1079 3295 usitatius
1100 3242 1180 3295 tum
1202 3246 1300 3314 erat,
1326 3220 1395 3298 sm·

76 3316 189 3423 gulos
213 3306 413 3409 ordinare,
445 3334 560 3413 prout
583 3315 761 3413 cuiusque
781 3314 940 3393 ecclesiae
968 3320 1155 3397 necessitas
1183 3322 1396 3422 postulabat.

76 3441 161 3496 ιεο
174 3411 384 3514 s)'.quidem
404 3436 498 3512 papa
515 3422 638 3487 ieiunia
658 3437 800 3517 quatuor
820 3437 1018 3520 temporum,
1045 3448 1128 3519 quae
1148 3428 1246 3523 apud
1269 3446 1338 3498 nos
1354 3424 1395 3501 in

10 3602 13 3607 ,
79 3523 257 3599 Britannia
271 3539 369 3592 nunc
384 3514 501 3614 uulgo
517 3516 691 3592 dicuntur
705 3515 955 3611 amor-neeis,
976 3522 1022 3595 ab
1042 3522 1243 3623 apostonca
1255 3524 1399 3602 deriuat

195 3642 200 3657 ’
523 3654 527 3660 ·
1287 3622 1398 3700 tradi·

1299 3778 1352 3794 fi

122 3856 158 3939 d)
174 3853 282 3937 Epiph.
292 3851 417 3932 epist.2d
428 3854 508 3912 lom.
522 3850 718 3935 Hierosolym.
762 3855 879 3937 quidem
894 3858 966 3927 rari,
978 3876 1038 3916 non
1053 3876 1120 3918 veto
1135 3871 1193 3916 tam
1206 3859 1292 3920 multi
1303 3858 1400 3923 acho·

79 3960 153 4010 tom.
165 3947 198 4002 ll.
213 3960 298 4021 uut-
341 3936 433 3998 Multi
441 3934 569 4017 episcopi
588 3961 721 4002 commu·
762 3942 831 4015 die,
856 3939 1070 4007 ordinabantur,

78 4030 180 4097 trionis
195 4024 297 4087 nostra
315 4022 503 4104 presbyteros
517 4024 659 4089 innostra
674 4047 718 4089 or·
807 4027 841 4110 f)
858 4030 916 4089 [neo
929 4025 1011 4088 serm.
1030 4035 1063 4087 Ι..
1079 4026 1116 4088 de
1133 4030 1224 4101 ieiun,
1241 4032 1400 4111 pentecost.

23 4186 27 4191 ,
83 4115 261 4177 durauernnt
276 4109 436 4189 prouincia.
465 4124 577 4181 catera,
764 4134 847 4195 Ni·
890 4117 966 4175 Item
987 4110 1124 4176 formiis.
1142 4115 1178 4177 de
1192 4119 1303 4197 ieiu1‚,7
1318 4140 1402 4183 men.

124 4200 160 4277 e)
179 4197 298 4259 Hubert.
318 4195 467 4256 delient.
483 4212 556 4274 part.
570 4197 652 4258 v111.
671 4198 724 4261 ob·
765 4198 816 4275 fis,
839 4196 897 4259 liue
909 4200 946 4260 de
961 4201 1072 4262 ieiunio
1093 4220 1217 4279 quatuor
1237 4222 1406 4287 temporum

80 4277 244 4347 struttv.
266 4300 399 4365 pugno.
442 4283 654 4370 Tuncst'ngult',
675 4297 725 4359 σ·
765 4307 796 4369 p.
809 4299 850 4359 88¹
894 4284 1064 4363 kemsemu
1076 4288 1144 4363 Vll.

198 4374 337 4483 Biugh.
351 4372 436 4472 Vol
449 4372 495 4457 ll.
840 4377 875 4461 Z
