3480 4836
73 363 76 377 ·
134 296 138 303 ἱ
221 335 300 428 406
345 340 1431 408 ortatuxntectastasstcatvutruvt.ext.1v.

222 534 409 598 exerceant,
433 510 581 580 diuinum
593 508 801 602 ministeriam
814 510 1023 605 neglegentes,
1041 506 1241 605 ficcularium
1254 536 1328 580 vero
1347 506 1542 607 dotatussatb·

224 635 333 686 etentes
348 608 386 690 ὗ
403 637 512 681 tortam
520 606 720 702 facultatum
736 609 958 679 arcuationem
977 620 1204 681 accuratiorem
1216 630 1345 710 propter
1359 618 1541 706 auaritiam

220 712 441 815 [aestimantem
469 732 553 806 quae
567 730 672 782 vetus
689 708 921 802 querimonia
936 730 1035 801 erat,
1060 708 1133 782 iam
1153 714 1174 781 a
1197 709 1461 785 cxaxtxttob
1490 709 1542 785 fa·

225 815 309 904 iia,
338 807 488 908 quando
510 804 692 903 quosdam
714 808 783 878 aeui
805 802 855 879 sui
877 802 1049 881 antistites
1072 807 1326 892 vehementius
1346 808 1542 888 inseiiatue

225 913 384 1000 dixerat,
408 907 605 1007 episcopos
621 907 822 1002 plurimos,
846 928 941 1001 quos
960 905 996 979 dt
1016 904 1252 982 hortamento
1274 905 1344 983 etse
1365 927 1539 1007 oporteat

224 1011 367 1088 caeteris
381 1010 420 1084 dt
443 1006 639 1103 exemplo,
664 1004 787 1077 diuina
806 1005 1070 1102 procuratione
1089 1026 1299 1103 contemta,
1325 1031 1539 1104 procurato·

206 1134 285 1188 tes
306 1102 430 1186 rerum
451 1102 673 1179 saecularium
695 1101 800 1193 fieri,
829 1101 1000 1178 dereliila
1023 1103 1213 1199 cathedra,
1249 1106 1359 1204 plebe
1379 1106 1538 1204 deserta,

224 1234 295 1312 per
310 1211 443 1284 alienas
459 1207 668 1304 prouincias
687 1200 919 1289 oberrantes,
940 1205 1204 1302 negotiationis
1223 1202 1433 1303 quaestuosae
1446 1233 1537 1285 nun.

225 1311 328 1386 dinas
348 1307 539 1403 aucupari,
566 1325 689 1398 eoque
715 1298 796 1397 ipso
813 1301 971 1376 diuinam
991 1302 1192 1380 vindiiiam
1217 1308 1482 1403 prouocare&
1497 1312 1536 1387 in

224 1411 424 1487 maximam
439 1399 593 1481 ecclesiae
609 1396 852 1475 offensionem
866 1403 1064 1479 incurrere.
1141 1406 1193 1479 Vt
1207 1404 1322 1499 adeo,
1346 1431 1461 1506 quum
1480 1409 1537 1487 hae

225 1510 361 1586 interint
377 1508 552 1589 tationes,
578 1500 627 1576 ob
643 1522 732 1597 quas
752 1496 831 1574 istas
855 1500 957 1600 leges
976 1500 1056 1576 fieri
1075 1505 1261 1600 oportuit,
1285 1530 1356 1583 nos
1373 1506 1537 1607 ‘ipsarum

112 1646 116 1652 ·
225 1611 354 1708 legum
374 1625 539 1679 naturam
560 1624 605 1675 ex
626 1623 751 1675 earum
772 1601 972 1676 intentione
986 1600 1153 1701 &scopo
1177 1605 1299 1680 metiti
1319 1603 1537 1687 debeamus:
1603 1666 1611 1703 ,2

224 1712 291 1807 qui
307 1705 394 1795 fuit,
419 1724 493 1777 tam
508 1696 717 1777 manifestos
732 1697 859 1776 abusus
875 1725 916 1774 ac
930 1703 1135 1791 auaritiam,
1154 1727 1223 1778 nec
1233 1729 1313 1781 non
1325 1703 1537 1785 diuinorum

224 1804 511 1885 ministeriorum
523 1798 733 1899 negleiium
748 1798 955 1892 emendate,
973 1800 1010 1876 id
1025 1801 1129 1898 quod
1146 1802 1206 1879 vel
1219 1826 1409 1904 tamquam
1422 1806 1533 1887 caussa

145 1917 148 1922 “
225 1909 288 1984 uel
310 1927 495 2001 tamquam
514 1899 681 1984 effestus,
714 1897 867 1976 clericos
896 1899 1025 2001 saepius
1049 1899 1216 2000 induxit,
1239 1923 1280 1982 vt
1307 1905 1532 1991 secularibus

223 2007 387 2109 negotiis
400 2001 466 2102 ipsi
478 2000 551 2079 sese
570 1998 812 2099 implicarent.
928 2035 948 2049 -
1081 2034 1084 2038 ·

809 2182 817 2198 .
867 2126 961 2203 xiil.
1033 2174 1046 2197 .

394 2233 585 2337 Quasnam
602 2127 850 2310 limitatioizes
865 2231 909 2308 u'
926 2222 1162 2334 exceptiones
1185 2234 1261 2337 ista
1276 2238 1375 2347 leget

763 2337 993 2442 admiserint.

338 2478 384 2530 tx
414 2445 631 2548 quibusdam
651 2469 744 2524 vero
771 2446 907 2523 casibus
937 2446 1138 2527 istiusmodi
1162 2478 1294 2535 eorum
1323 2462 1532 2562 occupatio·

223 2574 290 2636 nes
305 2555 399 2630 vitio
415 2546 581 2639 caruisse,
605 2571 753 2642 aequum
773 2546 840 2641 est,
862 2545 1064 2626 credamus.
1129 2554 1252 2632 Certis
1272 2558 1371 2635 enim
1386 2581 1531 2660 tempo·

223 2658 324 2736 ribus
349 2654 387 2730 dt
406 2651 523 2739 locis,
555 2647 621 2722 vbi
638 2665 840 2747 prouentus
867 2645 1023 2723 ecclesiae
1043 2649 1245 2730 admodum
1266 2661 1388 2761 exigui
1407 2681 1528 2758 erant,

222 2755 352 2839 necad
370 2747 612 2854 ptaebendum
639 2745 811 2824 omnibus
833 2746 971 2825 clericis
994 2749 1188 2830 honestum
1206 2756 1419 2837 alimentum
1439 2758 1528 2838 suffi-

223 2858 386 2947 ciebant,
418 2847 652 2928 nonnulliex
675 2846 763 2939 illis,
788 2845 973 2945 speciatim
995 2872 1041 2927 ex
1062 2850 1297 2937 inferioribus
1318 2856 1530 2960 ordinibus,

221 2980 361 3058 ptaeter
374 2947 612 3028 ministerium
632 2943 790 3021 ecclestae
809 2944 968 3023 saeculari
989 2949 1132 3028 cuidam
1151 2961 1309 3055 negotio
1326 2975 1456 3039 vacate
1471 2986 1531 3040 ne·

223 3052 358 3131 cellum
381 3047 572 3131 habebant.
647 3045 739 3132 Alii,
764 3046 829 3139 qui
850 3043 914 3120 fibi
936 3047 1018 3123 satis
1042 3056 1222 3153 temporis
1237 3055 1415 3156 superesse
1431 3061 1529 3140 vide·

220 3156 322 3240 bant,
341 3144 530 3223 christiana
545 3140 646 3218 ducii
665 3144 811 3219 caritate
830 3148 1131 3245 negotiabantur,
1159 3177 1200 3232 vt
1220 3157 1404 3258 quidquid
1417 3163 1529 3240 lucra-

218 3274 369 3343 rentur,
393 3250 430 3322 in
451 3266 655 3347 pauperum
679 3241 946 3349 adleuationem
973 3250 1137 3350 aliosque
1160 3257 1245 3353 pios
1276 3258 1361 3336 vsus
1386 3261 1529 3339 conser-

221 3372 330 3442 tent;
378 3348 416 3425 dt
441 3346 528 3441 alii,
559 3345 728 3452 quiante
755 3339 955 3441 auspicatos
981 3348 1133 3428 ordines
1160 3357 1415 3438 ecclesiasticos
1443 3365 1530 3439 vitae

219 3455 381 3533 asceticae
402 3441 721 3547 &philosophica
744 3442 879 3521 adsueti
907 3468 1036 3559 erant,
1071 3453 1134 3527 vbi
1160 3451 1356 3537 honestum
1380 3461 1531 3563 aliquod

219 3551 413 3657 opificium
426 3546 497 3622 suis
511 3540 675 3718 ipsorum
688 3565 926 3624 exercuerant
941 3550 1123 3645 manibus,
1138 3554 1266 3634 eadem
1277 3562 1440 3659 ratione,
1466 3562 1531 3641 etii

220 3681 299 3735 non
324 3648 452 3728 eadem
467 3643 513 3723 ad
528 3642 677 3720 tduitate
691 3645 729 3720 dt
743 3641 953 3744 diligentia,
985 3650 1057 3725 iam
1072 3655 1282 3756 presbyteri
1297 3684 1338 3734 ac
1365 3661 1532 3764 episcopi

217 3750 377 3837 ecclefiae
389 3748 502 3826 creati
516 3767 671 3845 operam
684 3747 909 3821 manantium
931 3749 968 3822 in
991 3747 1202 3833 humilitatis
1220 3757 1289 3835 suat
1304 3766 1532 3859 exercitium,

163 3893 168 3903 ·
219 3859 280 3934 vel
296 3848 452 3931 adalind
465 3842 656 3945 quoddam
671 3845 757 3920 vitae
772 3845 975 3923 christiana
990 3848 1153 3928 officium
1168 3860 1413 3960 explendum,
1441 3888 1531 3942 con·

129 3956 136 3970 '
215 3954 418 4033 tinuabant.
468 3949 509 4021 ln
527 3944 624 4020 hisce
638 3945 751 4045 igitur
761 3944 1085 4027 casibusomnibus
1097 3956 1204 4055 vitis,
1228 3959 1424 4059 dequibus
1439 3984 1530 4045 tam.

217 4068 332 4157 quam
353 4045 554 4127 redonibus
575 4043 786 4143 interdidi,
817 4048 857 4122 in
877 4071 962 4126 ante
980 4059 1197 4135 memoratis
1216 4058 1359 4163 legibus
1378 4067 1532 4162 querela

549 4238 552 4243 .
1190 4236 1196 4243 .
1434 4164 1529 4247 net

215 4350 221 4356 .
259 4338 300 4422 b)
318 4321 852 4443 cypr·d=1²a‚s⁸e·¹²³·(l·¹⁷0·‘ffi‘·
892 4326 1178 4415 PmMDCLle)
